1965 3256
598 236 710 309 138
929 237 1214 288 ΒΑΜῙΑΝῚ
1268 247 1309 291 Α
1366 245 1516 293 coss

550 360 969 431 Paquernaquaro
999 398 1012 420 ,
1042 362 1128 429 qui
1177 378 1298 410 eum
1340 364 1401 413 ad
1448 363 1642 431 Regem
1671 359 1825 431 Vsque

553 454 832 505 comitatus
883 453 968 504 est.
1017 453 1080 504 In
1131 453 1276 503 cuius
1310 454 1585 524 conspedhi
1621 452 1828 503 concisa

553 547 786 597 oratione
814 547 883 597 ita
924 545 1064 596 orsus
1084 543 1169 595 est.
1215 543 1328 595 Rex
1353 546 1529 597 inclite
1556 584 1570 606 ‚
1597 545 1829 614 Solyma*

550 655 647 687 nus
711 637 851 690 Baffa
909 655 937 686 a
975 635 1315 704 potentissimo
1350 673 1363 693 .
1397 637 1830 705 inuiftisfimoque

552 726 852 779 Turcarum
882 726 1197 795 Imperatore
1223 764 1236 785 ‚
1271 726 1460 777 Prorex
1489 728 1644 778 modo
1688 727 1834 797 super

562 820 723 872 Indos
750 820 1033 888 designatus
1058 856 1070 877 ,
1121 831 1170 867 te
1198 818 1479 887 plurimum
1519 818 1708 870 saluere
1752 819 1835 869 iuis

556 910 641 960 bet
671 948 685 968 ,
729 909 961 958 indicans
991 907 1038 957 se
1064 908 1157 957 hac
1189 909 1287 958 sola
1316 909 1376 958 de
1403 907 1549 959 causa
1572 946 1586 967 ‚
1611 908 1710 959 huc
1739 927 1835 959 no-

552 1008 693 1056 mine
758 1005 1004 1074 principis
1068 1004 1140 1054 sui
1174 1018 1445 1054 venturum
1473 1042 1486 1063 ,
1522 1018 1573 1054 vt
1622 1005 1832 1055 natione

553 1100 917 1152 Lusitanorum
951 1098 1115 1147 deleta
1135 1135 1148 1156 ,
1177 1098 1211 1147 fi
1239 1099 1347 1148 eius
1371 1098 1584 1166 insignia
1613 1136 1626 1157 ,
1650 1099 1833 1148 fidem-

555 1208 656 1258 que
715 1187 962 1255 suscipere
1010 1186 1133 1235 velis
1154 1224 1166 1244 ,
1220 1204 1410 1236 nomen
1455 1203 1711 1255 regnaque
1747 1199 1834 1236 tua

555 1283 614 1334 in
644 1279 957 1333 immensum
983 1279 1178 1331 dilatet.
1225 1277 1354 1328 Haec
1381 1278 1581 1351 locutus
1610 1316 1625 1337 ,
1668 1281 1715 1329 ei
1741 1296 1838 1329 no·-

559 1376 700 1429 mine
721 1375 1020 1426 Turcarum
1048 1372 1384 1442 Imperatoris
1411 1372 1622 1423 talarem
1661 1390 1725 1422 ex
1747 1389 1842 1421 au-

558 1487 646 1519 reo
674 1484 842 1536 panno
887 1464 1070 1516 vestem
1093 1503 1107 1525 ‚
1155 1465 1364 1516 brachas
1388 1503 1401 1525 ,
1449 1480 1599 1536 atque
1645 1466 1841 1534 piieum

558 1563 614 1612 in
634 1559 829 1627 signum
859 1556 1066 1609 foederis
1106 1557 1272 1610 offert.
1314 1557 1472 1608 Tunc
1514 1558 1628 1609 Rex
1648 1570 1797 1609 toruo
1824 1593 1841 1617 ‚

559 1652 948 1717 truculentoque
983 1649 1184 1717 aspe&u
1204 1687 1218 1708 ‚
1257 1649 1441 1718 inquit.
1488 1650 1605 1701 Nec
1636 1649 1795 1700 moris
1823 1684 1843 1709 ,

560 1763 653 1796 nec
705 1743 1089 1794 consuetudinis
1157 1743 1536 1812 Imperatorum
1581 1739 1844 1793 Calecutii

564 1840 665 1891 fuit
692 1841 706 1910 ξ
732 1852 915 1889 vocant
966 1838 1107 1888 enim
1150 1838 1432 1906 antiquitus
1459 1837 1506 1888 fe
1543 1836 1711 1905 Reges
1737 1832 1845 1884 Ca-

571 1931 751 1984 lecutii
784 1931 1125 1998 Imperatores
1151 1927 1168 1996 )
1196 1946 1288 1979 nec
1329 1928 1425 1978 erit
1447 1966 1461 1988 ‚
1488 1928 1621 1978 dona
1638 1927 1843 1997 accipe-

566 2045 618 2078 re
640 2064 653 2085 ‚
695 2024 777 2075 sed
807 2025 922 2073 dare
946 2062 959 2083 ,
1002 2041 1094 2073 nec
1144 2041 1298 2091 regna
1338 2022 1422 2074 sua
1448 2020 1728 2091 peregrinis
1748 2038 1840 2073 co'-

571 2119 670 2186 piis
692 2115 902 2166 dilatare
932 2152 946 2173 ,
980 2113 1062 2164 sed
1111 2113 1364 2182 propriis,
1417 2125 1569 2180 atque
1609 2111 1848 2180 expulsos

572 2213 741 2280 Reges
803 2209 972 2276 regnis
1024 2208 1124 2258 suis
1152 2208 1427 2258 restituere.
1474 2204 1691 2257 Proinde
1713 2241 1726 2263 ,
1753 2223 1850 2255 n‘o'-

571 2302 826 2352 biiitatem
846 2299 1087 2349 astantem
1113 2297 1384 2366 respiciens
1408 2335 1422 2357 ,
1442 2295 1552 2347 Vos
1569 2296 1704 2346 hunc
1730 2312 1853 2364 pro-

571 2396 748 2464 ripite,
793 2410 1012 2459 eumque
1054 2411 1182 2443 cum·
1229 2393 1382 2444 Duce
1430 2391 1851 2459 Paquema‘quaro

575 2485 893 2559 praecipitem
922 2485 974 2533 in
1013 2484 1315 2551 ergastulum
1342 2484 1623 2552 protrudite
1653 2520 1677 2542 ,γ
1696 2481 1854 2532 inibi'-

577 2595 675 2645 que
719 2573 939 2625 stultitiae
965 2611 978 2632 ‚
1008 2571 1353 2640 superbiaeque
1381 2574 1451 2623 sui
1481 2569 1811 2642 Imperatoris
1835 2606 1848 2626 ‚

577 2671 627 2722 &
653 2670 795 2720 ducis
814 2684 992 2738 peenas
1019 2666 1180 2718 luant..
1223 2663 1397 2734 Qare
1417 2684 1469 2718 re
1502 2664 1635 2735 gest-a
1665 2695 1691 2722 ‚›
1710 2658 1850 2710 illico

1702 2752 1818 2806 Rex
