1931 3239
349 195 423 230 DE
457 186 647 228 BELLO
679 189 1013 227 eAMBAlco
1045 194 1170 231 SEC.
1295 190 1396 255 343

144 299 237 361 eit,
264 298 585 364 eiusdemque
606 295 872 364 dignitatis
909 314 1101 346 nomen
1137 318 1193 349 ac
1221 301 1433 355 titulum

140 387 370 440 attribuit
398 424 413 446 ,
455 400 507 437 vt
555 382 869 436 quarcanus
922 399 1186 437 vocaretur
1214 427 1228 448 ,
1282 389 1432 441 Mar-

139 479 378 530 chionem
406 475 632 545 ipsorum
661 477 837 548 lingua
861 475 1174 546 significante
1217 478 1313 530 hoc
1340 501 1433 535 vo-

137 570 319 620 cabulo
349 590 361 619 ε
405 586 617 620 omnem
644 567 847 638 insuper
879 567 1048 620 fratris
1089 567 1342 623 ditionem
1386 577 1434 627 ei

135 661 397 715 eoncessit.
442 660 524 712 Ex
548 660 728 712 nostris
751 674 920 712 autem
952 661 1108 712 saucii
1160 666 1437 733 quamplu-

131 759 253 811 rimi
277 757 416 808 fuere
445 795 459 816 ‚
499 757 760 809 desiderati
788 757 983 827 septem
1019 771 1219 810 tanturn
1245 798 1259 820 ,
1304 778 1435 829 quos

135 849 494 920 hiascaregnas
547 851 786 902 tubarum
831 852 1070 920 clangore
1100 889 1113 910 ,
1161 850 1436 920 sonituque

133 957 495 1013 tympanorum
529 980 540 999 ‚
586 960 789 992 necnon
816 942 1089 992 hominum
1131 956 1279 993 cantu
1311 981 1324 1002 ,
1354 944 1435 994 fe÷

133 1035 202 1089 sta
246 1033 566 1088 solemnitate
615 1036 786 1106 potius
823 1053 976 1103 quam
1003 1035 1206 1103 lugubri
1234 1035 1433 1086 moesti-

135 1130 207 1181 tia
229 1128 283 1177 in
309 1126 561 1193 templum
590 1125 845 1194 deportari
877 1163 890 1184 ,
933 1124 1231 1193 sepelirique
1281 1142 1430 1175 cura-

135 1220 249 1270 uit:
289 1219 478 1285 partim
517 1255 529 1276 ,
570 1217 706 1286 quod
747 1217 808 1266 de
858 1217 1104 1286 religione
1144 1214 1434 1267 Christiana

135 1312 206 1362 ita
231 1321 521 1359 meruerant
567 1341 580 1366 ,
619 1323 672 1359 vt
699 1328 840 1360 mors
874 1309 1083 1360 illorum
1136 1310 1189 1359 in
1216 1310 1430 1380 conspe-

134 1399 220 1450 &u
260 1398 484 1450 Domini
511 1398 740 1466 preciosa
768 1433 785 1458 ,·
812 1399 1034 1468 epinicia
1070 1428 1087 1456 ‚·
1127 1399 1176 1449 δε
1228 1415 1427 1469 marty-

138 1507 253 1540 rum
310 1490 532 1560 hymnos
585 1491 756 1559 potius
787 1525 804 1551 ,‹
854 1510 1007 1559 quam
1061 1491 1299 1561 lugubres
1343 1509 1436 1544 exa

137 1584 313 1650 equias
355 1586 405 1636 &
426 1583 584 1636 tristes
623 1584 814 1635 naenias
849 1584 1101 1652 requirere
1127 1585 1382 1636 videretur
1416 1610 1432 1653 3

134 1677 321 1747 partim
352 1716 366 1737 ,
410 1692 462 1728 vt
489 1678 716 1729 militurn
743 1679 944 1728 animos
972 1678 1184 1746 erigeret
1235 1678 1324 1728 ista
1377 1678 1434 1728 in

135 1782 243 1818 tam
267 1770 418 1820 arctis
463 1773 612 1822 rebus
671 1771 932 1822 alacritate
958 1810 972 1830 ,
1008 1773 1058 1821 <Sc
1103 1771 1156 1820 in
1199 1784 1431 1821 mortuos

136 1861 439 1932 gratiudine.
483 1863 648 1913 Simul
675 1879 726 1915 vt
748 1865 1052 1932 intelligeret
1093 1862 1246 1913 hostis
1277 1899 1292 1920 ,
1321 1881 1431 1913 rem

136 1958 226 2011 fibi
253 1976 372 2009 cum
398 1957 698 2007 hominibus
737 1959 830 2008 effe
860 1996 874 2017 ,
911 1958 998 2025 qui
1025 1975 1128 2008 non
1170 1956 1324 2006 modo
1349 1953 1434 2004 su-

136 2066 286 2099 orum
323 2049 573 2098 mortibus
611 2048 787 2099 animo
815 2066 919 2098 non
946 2047 1275 2099 conciderent
1301 2084 1317 2107 ,
1343 2065 1431 2097 ve-

134 2157 249 2192 rum
314 2138 469 2189 etiam
524 2154 745 2190 mortem
800 2138 1156 2190 huiuscemodi
1226 2137 1433 2188 charam

136 2245 465 2301 optatamque
503 2231 770 2282 haberent.-

317 2319 608 2371 SEchDA
639 2322 702 2370 ab
730 2322 827 2373 hoc
864 2324 1043 2393 praelio
1080 2323 1161 2375 die
1183 2362 1201 2382 ‚
1249 2342 1433 2393 pome-

136 2413 333 2463 ridiano
368 2429 596 2484 tempore
627 2452 642 2474 ,
692 2414 855 2466 hostes
882 2418 1071 2468 iterum
1114 2419 1177 2468 ab
1207 2417 1295 2468 illa
1322 2416 1429 2486 ipsa

136 2517 314 2570 parte,
355 2522 510 2574 quam
557 2519 703 2555 antea
747 2521 1169 2579 oppugnauerant
1202 2545 1214 2564 ,
1259 2524 1430 2557 arcem

136 2597 386 2651 inuadunt
415 2621 426 2652 ε
462 2599 543 2652 sed
591 2599 823 2653 alacriter
859 2601 1209 2656 obsistentibus
1251 2596 1432 2649 Ferdi-

755 2695 831 2750 Aa
1268 2706 1400 2742 'fian-⁴
