<?xml version="1.0" encoding="UTF-8"?>
<!DOCTYPE html PUBLIC "-//W3C//DTD XHTML 1.0 Transitional//EN"
    "http://www.w3.org/TR/xhtml1/DTD/xhtml1-transitional.dtd">
<html xmlns="http://www.w3.org/1999/xhtml" xml:lang="en" lang="en">
 <head>
  <title>
</title>
<meta http-equiv="Content-Type" content="text/html;charset=utf-8" />
  <meta name='ocr-system' content='tesseract 3.04.00' />
  <meta name='ocr-capabilities' content='ocr_page ocr_carea ocr_par ocr_line ocrx_word'/>
</head>
<body>
  <div class='ocr_page' id='page_1' title='image "./damianigoesopusc00gi_0119.png"; bbox 0 0 1931 3239; ppageno 0'>
   <div class='ocr_carea' id='block_1_1' title="bbox 462 217 1357 288">
    <p class='ocr_par' dir='ltr' id='par_1_1' title="bbox 462 217 1357 288">
     <span class='ocr_line' id='line_1_1' title="bbox 462 217 1357 288; baseline -0.004 -24"><span class='ocrx_word' id='word_1_1' title='bbox 462 225 915 264; x_wconf 74' lang='lat' dir='ltr'><strong>HISPANIA</strong></span> <span class='ocrx_word' id='word_1_2' title='bbox 1286 217 1357 288; x_wconf 79' lang='lat'>89</span> 
     </span>
    </p>
   </div>
   <div class='ocr_carea' id='block_1_2' title="bbox 141 330 1489 2050">
    <p class='ocr_par' dir='ltr' id='par_1_2' title="bbox 141 330 1489 2050">
     <span class='ocr_line' id='line_1_2' title="bbox 147 330 1418 402; baseline -0.008 -15"><span class='ocrx_word' id='word_1_3' title='bbox 147 333 270 387; x_wconf 78' lang='lat' dir='ltr'>dum</span> <span class='ocrx_word' id='word_1_4' title='bbox 297 350 535 402; x_wconf 84' lang='lat' dir='ltr'>agrorum</span> <span class='ocrx_word' id='word_1_5' title='bbox 563 331 883 384; x_wconf 76' lang='lat' dir='ltr'>fertilitatem</span> <span class='ocrx_word' id='word_1_6' title='bbox 927 330 1186 402; x_wconf 81' lang='lat' dir='ltr'>Vtriusque</span> <span class='ocrx_word' id='word_1_7' title='bbox 1207 335 1418 400; x_wconf 67' lang='lat' dir='ltr'>prouin-</span> 
     </span>
     <span class='ocr_line' id='line_1_3' title="bbox 151 421 1422 480; baseline 0 -4"><span class='ocrx_word' id='word_1_8' title='bbox 151 427 246 476; x_wconf 85' lang='lat' dir='ltr'>ciae</span> <span class='ocrx_word' id='word_1_9' title='bbox 292 426 427 475; x_wconf 89' lang='lat' dir='ltr'>inter</span> <span class='ocrx_word' id='word_1_10' title='bbox 473 422 525 472; x_wconf 89' lang='lat' dir='ltr'>se</span> <span class='ocrx_word' id='word_1_11' title='bbox 579 422 777 474; x_wconf 83' lang='lat' dir='ltr'>confert</span> <span class='ocrx_word' id='word_1_12' title='bbox 823 421 1116 474; x_wconf 86' lang='lat' dir='ltr'>Munsterus</span> <span class='ocrx_word' id='word_1_13' title='bbox 1146 459 1161 480; x_wconf 91' lang='lat'>,</span> <span class='ocrx_word' id='word_1_14' title='bbox 1184 422 1422 476; x_wconf 83' lang='lat' dir='ltr'>affeuerat</span> 
     </span>
     <span class='ocr_line' id='line_1_4' title="bbox 145 509 1418 583; baseline -0.005 -16"><span class='ocrx_word' id='word_1_15' title='bbox 145 513 448 583; x_wconf 85' lang='lat' dir='ltr'>Hispaniam</span> <span class='ocrx_word' id='word_1_16' title='bbox 477 512 583 561; x_wconf 85' lang='lat' dir='ltr'>vini</span> <span class='ocrx_word' id='word_1_17' title='bbox 616 550 629 570; x_wconf 92' lang='lat'>‚</span> <span class='ocrx_word' id='word_1_18' title='bbox 659 511 905 563; x_wconf 87' lang='lat' dir='ltr'>frumenti</span> <span class='ocrx_word' id='word_1_19' title='bbox 936 547 949 569; x_wconf 88' lang='lat'>‚</span> <span class='ocrx_word' id='word_1_20' title='bbox 986 511 1035 560; x_wconf 71' lang='grc' dir='ltr'>δε</span> <span class='ocrx_word' id='word_1_21' title='bbox 1060 509 1293 559; x_wconf 89' lang='lat' dir='ltr'>carnium</span> <span class='ocrx_word' id='word_1_22' title='bbox 1323 528 1418 560; x_wconf 82' lang='lat' dir='ltr'>co·</span> 
     </span>
     <span class='ocr_line' id='line_1_5' title="bbox 145 602 1418 678; baseline -0.001 -21"><span class='ocrx_word' id='word_1_23' title='bbox 145 608 230 678; x_wconf 87' lang='lat' dir='ltr'>pia</span> <span class='ocrx_word' id='word_1_24' title='bbox 281 625 308 655; x_wconf 91' lang='lat' dir='ltr'>a</span> <span class='ocrx_word' id='word_1_25' title='bbox 335 604 513 657; x_wconf 84' lang='lat' dir='ltr'>Gallia</span> <span class='ocrx_word' id='word_1_26' title='bbox 547 605 705 655; x_wconf 88' lang='lat' dir='ltr'>vinci.</span> <span class='ocrx_word' id='word_1_27' title='bbox 752 604 856 655; x_wconf 89' lang='lat' dir='ltr'>Vbi</span> <span class='ocrx_word' id='word_1_28' title='bbox 883 605 972 674; x_wconf 76' lang='lat' dir='ltr'>(vt</span> <span class='ocrx_word' id='word_1_29' title='bbox 1011 603 1072 652; x_wconf 93' lang='lat' dir='ltr'>de</span> <span class='ocrx_word' id='word_1_30' title='bbox 1100 603 1194 653; x_wconf 88' lang='lat' dir='ltr'>hac</span> <span class='ocrx_word' id='word_1_31' title='bbox 1221 602 1418 656; x_wconf 83' lang='lat' dir='ltr'>Galliae</span> 
     </span>
     <span class='ocr_line' id='line_1_6' title="bbox 144 694 1422 766; baseline -0.004 -14"><span class='ocrx_word' id='word_1_32' title='bbox 144 703 369 752; x_wconf 73' lang='lat' dir='ltr'>vbertate</span> <span class='ocrx_word' id='word_1_33' title='bbox 396 695 775 766; x_wconf 84' lang='lat' dir='ltr'>disceptemus)</span> <span class='ocrx_word' id='word_1_34' title='bbox 825 695 1056 747; x_wconf 89' lang='lat' dir='ltr'>auditum</span> <span class='ocrx_word' id='word_1_35' title='bbox 1084 694 1151 744; x_wconf 92' lang='lat' dir='ltr'>est</span> <span class='ocrx_word' id='word_1_36' title='bbox 1175 732 1188 752; x_wconf 90' lang='lat'>,</span> <span class='ocrx_word' id='word_1_37' title='bbox 1237 710 1324 745; x_wconf 88' lang='lat' dir='ltr'>aut</span> <span class='ocrx_word' id='word_1_38' title='bbox 1342 697 1422 747; x_wconf 83' lang='lat' dir='ltr'>vi-</span> 
     </span>
     <span class='ocr_line' id='line_1_7' title="bbox 142 786 1412 857; baseline -0.004 -18"><span class='ocrx_word' id='word_1_39' title='bbox 142 786 254 839; x_wconf 85' lang='lat' dir='ltr'>sum</span> <span class='ocrx_word' id='word_1_40' title='bbox 278 827 291 847; x_wconf 91' lang='lat'>,</span> <span class='ocrx_word' id='word_1_41' title='bbox 340 807 403 839; x_wconf 88' lang='lat' dir='ltr'>ex</span> <span class='ocrx_word' id='word_1_42' title='bbox 453 787 698 840; x_wconf 85' lang='lat' dir='ltr'>Galliain</span> <span class='ocrx_word' id='word_1_43' title='bbox 749 786 1058 857; x_wconf 83' lang='lat' dir='ltr'>Hispaniam</span> <span class='ocrx_word' id='word_1_44' title='bbox 1109 787 1289 835; x_wconf 82' lang='lat' dir='ltr'>vinum</span> <span class='ocrx_word' id='word_1_45' title='bbox 1319 786 1412 835; x_wconf 91' lang='lat' dir='ltr'>de-</span> 
     </span>
     <span class='ocr_line' id='line_1_8' title="bbox 142 874 1425 948; baseline -0.001 -20"><span class='ocrx_word' id='word_1_46' title='bbox 142 891 405 948; x_wconf 87' lang='lat' dir='ltr'>portatum</span> <span class='ocrx_word' id='word_1_47' title='bbox 430 879 524 929; x_wconf 78' lang='lat' dir='ltr'>esse</span> <span class='ocrx_word' id='word_1_48' title='bbox 553 881 567 927; x_wconf 80' lang='grc' dir='ltr'>ἓ·</span> <span class='ocrx_word' id='word_1_49' title='bbox 617 877 705 928; x_wconf 88' lang='lat' dir='ltr'>nifi</span> <span class='ocrx_word' id='word_1_50' title='bbox 735 878 867 929; x_wconf 88' lang='lat' dir='ltr'>forte</span> <span class='ocrx_word' id='word_1_51' title='bbox 901 878 963 928; x_wconf 92' lang='lat' dir='ltr'>ad</span> <span class='ocrx_word' id='word_1_52' title='bbox 1014 875 1238 927; x_wconf 84' lang='lat' dir='ltr'>confinia</span> <span class='ocrx_word' id='word_1_53' title='bbox 1280 874 1425 928; x_wconf 87' lang='lat' dir='ltr'>Can-</span> 
     </span>
     <span class='ocr_line' id='line_1_9' title="bbox 143 969 1489 1040; baseline 0.003 -23"><span class='ocrx_word' id='word_1_54' title='bbox 143 970 321 1020; x_wconf 85' lang='lat' dir='ltr'>tabriae</span> <span class='ocrx_word' id='word_1_55' title='bbox 348 1007 362 1028; x_wconf 91' lang='lat'><em>‚</em></span> <span class='ocrx_word' id='word_1_56' title='bbox 391 973 442 1023; x_wconf 83' lang='lat'>&amp;</span> <span class='ocrx_word' id='word_1_57' title='bbox 484 973 536 1023; x_wconf 89' lang='lat' dir='ltr'>id</span> <span class='ocrx_word' id='word_1_58' title='bbox 564 990 709 1021; x_wconf 80' lang='lat' dir='ltr'>raro:</span> <span class='ocrx_word' id='word_1_59' title='bbox 759 971 949 1039; x_wconf 85' lang='lat' dir='ltr'>quippe</span> <span class='ocrx_word' id='word_1_60' title='bbox 995 987 1114 1019; x_wconf 89' lang='lat' dir='ltr'>cum</span> <span class='ocrx_word' id='word_1_61' title='bbox 1165 969 1199 1018; x_wconf 91' lang='lat' dir='ltr'>ii</span> <span class='ocrx_word' id='word_1_62' title='bbox 1248 971 1422 1040; x_wconf 80' lang='lat' dir='ltr'>magis</span> <span class='ocrx_word' id='word_1_63' title='bbox 1484 991 1489 997; x_wconf 94' lang='lat'><em>·</em></span> 
     </span>
     <span class='ocr_line' id='line_1_10' title="bbox 144 1060 1411 1132; baseline -0.001 -19"><span class='ocrx_word' id='word_1_64' title='bbox 144 1064 526 1131; x_wconf 64' lang='lat' dir='ltr'>ampleEluntur</span> <span class='ocrx_word' id='word_1_65' title='bbox 558 1063 901 1132; x_wconf 83' lang='lat' dir='ltr'>Hispanicum</span> <span class='ocrx_word' id='word_1_66' title='bbox 928 1099 940 1120; x_wconf 94' lang='lat'>,</span> <span class='ocrx_word' id='word_1_67' title='bbox 968 1063 1123 1111; x_wconf 84' lang='lat' dir='ltr'>etiam</span> <span class='ocrx_word' id='word_1_68' title='bbox 1147 1060 1371 1112; x_wconf 80' lang='lat' dir='ltr'>dilutum</span> <span class='ocrx_word' id='word_1_69' title='bbox 1396 1102 1411 1123; x_wconf 87' lang='lat'>,</span> 
     </span>
     <span class='ocr_line' id='line_1_11' title="bbox 145 1150 1413 1216; baseline -0.002 -17"><span class='ocrx_word' id='word_1_70' title='bbox 145 1167 295 1216; x_wconf 87' lang='lat' dir='ltr'>quam</span> <span class='ocrx_word' id='word_1_71' title='bbox 324 1150 591 1202; x_wconf 80' lang='lat' dir='ltr'>Gallicum</span> <span class='ocrx_word' id='word_1_72' title='bbox 613 1171 832 1202; x_wconf 85' lang='lat' dir='ltr'>merum.</span> <span class='ocrx_word' id='word_1_73' title='bbox 867 1151 1085 1200; x_wconf 76' lang='lat' dir='ltr'>Prodeat</span> <span class='ocrx_word' id='word_1_74' title='bbox 1113 1168 1248 1200; x_wconf 84' lang='lat' dir='ltr'>nunc</span> <span class='ocrx_word' id='word_1_75' title='bbox 1279 1150 1413 1202; x_wconf 86' lang='lat' dir='ltr'>Gal-</span> 
     </span>
     <span class='ocr_line' id='line_1_12' title="bbox 143 1241 1415 1314; baseline 0.001 -23"><span class='ocrx_word' id='word_1_76' title='bbox 143 1241 215 1292; x_wconf 76' lang='lat' dir='ltr'>iia</span> <span class='ocrx_word' id='word_1_77' title='bbox 253 1244 458 1313; x_wconf 81' lang='lat' dir='ltr'>Belgica</span> <span class='ocrx_word' id='word_1_78' title='bbox 478 1284 491 1305; x_wconf 91' lang='lat'>‚</span> <span class='ocrx_word' id='word_1_79' title='bbox 520 1263 577 1296; x_wconf 89' lang='lat' dir='ltr'>ac</span> <span class='ocrx_word' id='word_1_80' title='bbox 606 1245 823 1314; x_wconf 83' lang='lat' dir='ltr'>Anglia,</span> <span class='ocrx_word' id='word_1_81' title='bbox 853 1242 1078 1293; x_wconf 84' lang='lat' dir='ltr'>Irlanciia</span> <span class='ocrx_word' id='word_1_82' title='bbox 1101 1279 1115 1299; x_wconf 92' lang='lat'>,</span> <span class='ocrx_word' id='word_1_83' title='bbox 1148 1244 1194 1293; x_wconf 72' lang='grc' dir='ltr'><em>ἃ</em></span> <span class='ocrx_word' id='word_1_84' title='bbox 1218 1242 1415 1302; x_wconf 81' lang='lat' dir='ltr'>Scotia,</span> 
     </span>
     <span class='ocr_line' id='line_1_13' title="bbox 144 1336 1419 1409; baseline 0 -21"><span class='ocrx_word' id='word_1_85' title='bbox 144 1337 290 1388; x_wconf 80' lang='lat' dir='ltr'>simul</span> <span class='ocrx_word' id='word_1_86' title='bbox 313 1357 433 1389; x_wconf 87' lang='lat' dir='ltr'>cum</span> <span class='ocrx_word' id='word_1_87' title='bbox 461 1339 726 1409; x_wconf 85' lang='lat' dir='ltr'>Noruegia</span> <span class='ocrx_word' id='word_1_88' title='bbox 757 1375 770 1397; x_wconf 83' lang='lat'>,</span> <span class='ocrx_word' id='word_1_89' title='bbox 804 1337 985 1397; x_wconf 80' lang='lat' dir='ltr'>Dacia,</span> <span class='ocrx_word' id='word_1_90' title='bbox 1020 1336 1198 1392; x_wconf 63' lang='lat' dir='ltr'>Suesia</span> <span class='ocrx_word' id='word_1_91' title='bbox 1222 1375 1236 1396; x_wconf 90' lang='lat'>,</span> <span class='ocrx_word' id='word_1_92' title='bbox 1266 1337 1419 1389; x_wconf 88' lang='lat' dir='ltr'>Mos-</span> 
     </span>
     <span class='ocr_line' id='line_1_14' title="bbox 145 1430 1419 1494; baseline 0.002 -14"><span class='ocrx_word' id='word_1_93' title='bbox 145 1432 331 1482; x_wconf 87' lang='lat' dir='ltr'>chouia</span> <span class='ocrx_word' id='word_1_94' title='bbox 385 1470 399 1492; x_wconf 94' lang='lat'>,</span> <span class='ocrx_word' id='word_1_95' title='bbox 472 1432 640 1484; x_wconf 84' lang='lat' dir='ltr'>Ruffia</span> <span class='ocrx_word' id='word_1_96' title='bbox 678 1471 694 1492; x_wconf 94' lang='lat'>,</span> <span class='ocrx_word' id='word_1_97' title='bbox 755 1431 980 1482; x_wconf 85' lang='lat' dir='ltr'>Liuonia</span> <span class='ocrx_word' id='word_1_98' title='bbox 1037 1469 1053 1492; x_wconf 88' lang='lat'>‚</span> <span class='ocrx_word' id='word_1_99' title='bbox 1109 1430 1353 1483; x_wconf 79' lang='lat' dir='ltr'>Lituania</span> <span class='ocrx_word' id='word_1_100' title='bbox 1402 1473 1419 1494; x_wconf 89' lang='lat'>,</span> 
     </span>
     <span class='ocr_line' id='line_1_15' title="bbox 143 1521 1412 1582; baseline -0.005 -8"><span class='ocrx_word' id='word_1_101' title='bbox 143 1521 331 1574; x_wconf 85' lang='lat' dir='ltr'>Pruffia</span> <span class='ocrx_word' id='word_1_102' title='bbox 361 1561 374 1582; x_wconf 91' lang='lat'>‚</span> <span class='ocrx_word' id='word_1_103' title='bbox 424 1543 482 1575; x_wconf 89' lang='lat' dir='ltr'>ac</span> <span class='ocrx_word' id='word_1_104' title='bbox 517 1538 624 1575; x_wconf 88' lang='lat' dir='ltr'>tota</span> <span class='ocrx_word' id='word_1_105' title='bbox 669 1522 952 1575; x_wconf 84' lang='lat' dir='ltr'>Orientalis</span> <span class='ocrx_word' id='word_1_106' title='bbox 982 1522 1287 1581; x_wconf 75' lang='lat' dir='ltr'>Germania,</span> <span class='ocrx_word' id='word_1_107' title='bbox 1319 1536 1412 1569; x_wconf 84' lang='lat' dir='ltr'>nec</span> 
     </span>
     <span class='ocr_line' id='line_1_16' title="bbox 141 1611 1417 1684; baseline -0.003 -18"><span class='ocrx_word' id='word_1_108' title='bbox 141 1633 247 1666; x_wconf 87' lang='lat' dir='ltr'>non</span> <span class='ocrx_word' id='word_1_109' title='bbox 276 1615 568 1666; x_wconf 80' lang='lat' dir='ltr'>Hollandia</span> <span class='ocrx_word' id='word_1_110' title='bbox 597 1654 612 1676; x_wconf 90' lang='lat'>,</span> <span class='ocrx_word' id='word_1_111' title='bbox 655 1618 707 1667; x_wconf 85' lang='lat'>&amp;</span> <span class='ocrx_word' id='word_1_112' title='bbox 733 1617 971 1667; x_wconf 83' lang='lat' dir='ltr'>testentur</span> <span class='ocrx_word' id='word_1_113' title='bbox 1009 1615 1131 1684; x_wconf 87' lang='lat' dir='ltr'>quid</span> <span class='ocrx_word' id='word_1_114' title='bbox 1159 1617 1264 1665; x_wconf 83' lang='lat' dir='ltr'>vini</span> <span class='ocrx_word' id='word_1_115' title='bbox 1292 1611 1417 1663; x_wconf 82' lang='lat' dir='ltr'>His-</span> 
     </span>
     <span class='ocr_line' id='line_1_17' title="bbox 141 1706 1413 1778; baseline 0 -23"><span class='ocrx_word' id='word_1_116' title='bbox 141 1707 313 1774; x_wconf 88' lang='lat' dir='ltr'>panici</span> <span class='ocrx_word' id='word_1_117' title='bbox 360 1708 412 1758; x_wconf 86' lang='lat' dir='ltr'>in</span> <span class='ocrx_word' id='word_1_118' title='bbox 441 1708 667 1778; x_wconf 87' lang='lat' dir='ltr'>ipsarum</span> <span class='ocrx_word' id='word_1_119' title='bbox 701 1709 888 1759; x_wconf 88' lang='lat' dir='ltr'>finibus</span> <span class='ocrx_word' id='word_1_120' title='bbox 940 1708 1254 1759; x_wconf 83' lang='lat' dir='ltr'>absumatur.</span> <span class='ocrx_word' id='word_1_121' title='bbox 1302 1706 1413 1757; x_wconf 84' lang='lat' dir='ltr'>De-</span> 
     </span>
     <span class='ocr_line' id='line_1_18' title="bbox 141 1795 1409 1868; baseline 0.002 -23"><span class='ocrx_word' id='word_1_122' title='bbox 141 1795 260 1846; x_wconf 81' lang='lat' dir='ltr'>inde</span> <span class='ocrx_word' id='word_1_123' title='bbox 286 1797 319 1846; x_wconf 77' lang='lat' dir='ltr'>si</span> <span class='ocrx_word' id='word_1_124' title='bbox 343 1798 443 1849; x_wconf 89' lang='lat' dir='ltr'>iam</span> <span class='ocrx_word' id='word_1_125' title='bbox 465 1818 529 1850; x_wconf 79' lang='lat' dir='ltr'>ex</span> <span class='ocrx_word' id='word_1_126' title='bbox 557 1798 732 1850; x_wconf 88' lang='lat' dir='ltr'>Gallia</span> <span class='ocrx_word' id='word_1_127' title='bbox 758 1801 813 1851; x_wconf 83' lang='lat' dir='ltr'>in</span> <span class='ocrx_word' id='word_1_128' title='bbox 836 1799 1144 1868; x_wconf 85' lang='lat' dir='ltr'>Hispaniam</span> <span class='ocrx_word' id='word_1_129' title='bbox 1171 1799 1409 1848; x_wconf 85' lang='lat' dir='ltr'>frumen-</span> 
     </span>
     <span class='ocr_line' id='line_1_19' title="bbox 142 1890 1412 1949; baseline 0.005 -16"><span class='ocrx_word' id='word_1_130' title='bbox 142 1897 255 1934; x_wconf 86' lang='lat' dir='ltr'>tum</span> <span class='ocrx_word' id='word_1_131' title='bbox 282 1923 297 1944; x_wconf 88' lang='lat'>,</span> <span class='ocrx_word' id='word_1_132' title='bbox 347 1901 399 1938; x_wconf 88' lang='lat' dir='ltr'>vt</span> <span class='ocrx_word' id='word_1_133' title='bbox 450 1890 557 1939; x_wconf 80' lang='lat' dir='ltr'>vult</span> <span class='ocrx_word' id='word_1_134' title='bbox 596 1890 890 1942; x_wconf 83' lang='lat' dir='ltr'>Munsterus</span> <span class='ocrx_word' id='word_1_135' title='bbox 919 1929 933 1949; x_wconf 86' lang='lat'>,</span> <span class='ocrx_word' id='word_1_136' title='bbox 989 1891 1250 1941; x_wconf 80' lang='lat' dir='ltr'>inuehitur</span> <span class='ocrx_word' id='word_1_137' title='bbox 1277 1927 1291 1948; x_wconf 91' lang='lat'>,</span> <span class='ocrx_word' id='word_1_138' title='bbox 1359 1890 1412 1939; x_wconf 88' lang='lat' dir='ltr'>id</span> 
     </span>
     <span class='ocr_line' id='line_1_20' title="bbox 144 1980 1408 2050; baseline 0.004 -25"><span class='ocrx_word' id='word_1_139' title='bbox 144 1994 249 2026; x_wconf 87' lang='lat' dir='ltr'>non</span> <span class='ocrx_word' id='word_1_140' title='bbox 273 1997 336 2029; x_wconf 86' lang='lat' dir='ltr'>ex</span> <span class='ocrx_word' id='word_1_141' title='bbox 362 1980 531 2031; x_wconf 90' lang='lat' dir='ltr'>nativa</span> <span class='ocrx_word' id='word_1_142' title='bbox 558 1981 877 2050; x_wconf 79' lang='lat' dir='ltr'>malignitate</span> <span class='ocrx_word' id='word_1_143' title='bbox 905 1981 995 2032; x_wconf 86' lang='lat' dir='ltr'>soli</span> <span class='ocrx_word' id='word_1_144' title='bbox 1027 2019 1040 2041; x_wconf 95' lang='lat'>,</span> <span class='ocrx_word' id='word_1_145' title='bbox 1086 1981 1167 2031; x_wconf 90' lang='lat' dir='ltr'>sed</span> <span class='ocrx_word' id='word_1_146' title='bbox 1211 1999 1276 2031; x_wconf 81' lang='lat' dir='ltr'>ex</span> <span class='ocrx_word' id='word_1_147' title='bbox 1320 1981 1408 2030; x_wconf 87' lang='lat' dir='ltr'>ad-</span> 
     </span>
    </p>
   </div>
   <div class='ocr_carea' id='block_1_3' title="bbox 146 2063 1522 2136">
    <p class='ocr_par' dir='ltr' id='par_1_3' title="bbox 146 2063 1522 2136">
     <span class='ocr_line' id='line_1_21' title="bbox 146 2063 1522 2136; baseline -0.001 -22"><span class='ocrx_word' id='word_1_148' title='bbox 146 2063 318 2134; x_wconf 69' lang='lat' dir='ltr'>spe6³m</span> <span class='ocrx_word' id='word_1_149' title='bbox 347 2102 362 2124; x_wconf 90' lang='lat'><em>‚</em></span> <span class='ocrx_word' id='word_1_150' title='bbox 403 2079 455 2116; x_wconf 84' lang='lat' dir='ltr'>vt</span> <span class='ocrx_word' id='word_1_151' title='bbox 496 2066 641 2117; x_wconf 89' lang='lat' dir='ltr'>aiunt</span> <span class='ocrx_word' id='word_1_152' title='bbox 670 2104 685 2126; x_wconf 93' lang='lat'>,</span> <span class='ocrx_word' id='word_1_153' title='bbox 728 2066 970 2117; x_wconf 86' lang='lat' dir='ltr'>astrorum</span> <span class='ocrx_word' id='word_1_154' title='bbox 1024 2067 1247 2127; x_wconf 84' lang='lat' dir='ltr'>accidit,</span> <span class='ocrx_word' id='word_1_155' title='bbox 1298 2086 1411 2136; x_wconf 80' lang='lat' dir='ltr'>quae</span> <span class='ocrx_word' id='word_1_156' title='bbox 1515 2106 1522 2113; x_wconf 83' lang='grc'><em>,</em></span> 
     </span>
    </p>
   </div>
   <div class='ocr_carea' id='block_1_4' title="bbox 142 2156 1410 2590">
    <p class='ocr_par' dir='ltr' id='par_1_4' title="bbox 142 2156 1410 2590">
     <span class='ocr_line' id='line_1_22' title="bbox 143 2156 1410 2229; baseline 0.002 -21"><span class='ocrx_word' id='word_1_157' title='bbox 143 2156 392 2208; x_wconf 85' lang='lat' dir='ltr'>hostiliter</span> <span class='ocrx_word' id='word_1_158' title='bbox 436 2159 498 2209; x_wconf 89' lang='lat' dir='ltr'>ab</span> <span class='ocrx_word' id='word_1_159' title='bbox 548 2177 684 2209; x_wconf 89' lang='lat' dir='ltr'>anno</span> <span class='ocrx_word' id='word_1_160' title='bbox 742 2175 949 2210; x_wconf 78' lang='lat' dir='ltr'>MDxVI</span> <span class='ocrx_word' id='word_1_161' title='bbox 997 2158 1219 2209; x_wconf 86' lang='lat' dir='ltr'>adhunc</span> <span class='ocrx_word' id='word_1_162' title='bbox 1255 2158 1410 2229; x_wconf 76' lang='lat' dir='ltr'>vsque</span> 
     </span>
     <span class='ocr_line' id='line_1_23' title="bbox 143 2248 1406 2319; baseline 0.002 -21"><span class='ocrx_word' id='word_1_163' title='bbox 143 2248 281 2298; x_wconf 84' lang='lat' dir='ltr'>diem</span> <span class='ocrx_word' id='word_1_164' title='bbox 303 2285 316 2305; x_wconf 88' lang='lat'>,</span> <span class='ocrx_word' id='word_1_165' title='bbox 352 2249 567 2310; x_wconf 89' lang='lat' dir='ltr'>morbis,</span> <span class='ocrx_word' id='word_1_166' title='bbox 592 2250 834 2310; x_wconf 67' lang='lat' dir='ltr'>caedibus,</span> <span class='ocrx_word' id='word_1_167' title='bbox 856 2250 1255 2309; x_wconf 83' lang='lat' dir='ltr'>calamitatibus,</span> <span class='ocrx_word' id='word_1_168' title='bbox 1286 2269 1406 2319; x_wconf 82' lang='lat' dir='ltr'>pro-</span> 
     </span>
     <span class='ocr_line' id='line_1_24' title="bbox 146 2337 1408 2408; baseline 0.002 -23"><span class='ocrx_word' id='word_1_169' title='bbox 146 2337 371 2388; x_wconf 86' lang='lat' dir='ltr'>uinciam</span> <span class='ocrx_word' id='word_1_170' title='bbox 399 2337 685 2392; x_wconf 84' lang='lat' dir='ltr'>afflixerunt</span> <span class='ocrx_word' id='word_1_171' title='bbox 713 2361 724 2389; x_wconf 70' lang='grc' dir='ltr'><em>ε</em></span> <span class='ocrx_word' id='word_1_172' title='bbox 758 2340 952 2408; x_wconf 85' lang='lat' dir='ltr'>alioqui</span> <span class='ocrx_word' id='word_1_173' title='bbox 982 2337 1165 2388; x_wconf 80' lang='lat' dir='ltr'>fertilis</span> <span class='ocrx_word' id='word_1_174' title='bbox 1193 2337 1260 2387; x_wconf 87' lang='lat' dir='ltr'>cst</span> <span class='ocrx_word' id='word_1_175' title='bbox 1282 2337 1408 2388; x_wconf 82' lang='lat' dir='ltr'>His-</span> 
     </span>
     <span class='ocr_line' id='line_1_25' title="bbox 143 2428 1407 2500; baseline 0 -22"><span class='ocrx_word' id='word_1_176' title='bbox 143 2429 295 2496; x_wconf 88' lang='lat' dir='ltr'>pania</span> <span class='ocrx_word' id='word_1_177' title='bbox 325 2467 337 2489; x_wconf 89' lang='lat'>,</span> <span class='ocrx_word' id='word_1_178' title='bbox 373 2442 425 2480; x_wconf 90' lang='lat' dir='ltr'>vt</span> <span class='ocrx_word' id='word_1_179' title='bbox 463 2429 691 2482; x_wconf 84' lang='lat' dir='ltr'>testatum</span> <span class='ocrx_word' id='word_1_180' title='bbox 749 2432 947 2499; x_wconf 84' lang='lat' dir='ltr'>antiqui</span> <span class='ocrx_word' id='word_1_181' title='bbox 990 2432 1259 2500; x_wconf 85' lang='lat' dir='ltr'>scriptores</span> <span class='ocrx_word' id='word_1_182' title='bbox 1285 2428 1407 2479; x_wconf 83' lang='lat' dir='ltr'>reli-</span> 
     </span>
     <span class='ocr_line' id='line_1_26' title="bbox 142 2519 1407 2590; baseline -0.001 -20"><span class='ocrx_word' id='word_1_183' title='bbox 142 2534 362 2590; x_wconf 82' lang='lat' dir='ltr'>querunt</span> <span class='ocrx_word' id='word_1_184' title='bbox 386 2543 397 2570; x_wconf 82' lang='lat' dir='ltr'><strong><em>z</em></strong></span> <span class='ocrx_word' id='word_1_185' title='bbox 439 2533 490 2571; x_wconf 88' lang='lat' dir='ltr'>et</span> <span class='ocrx_word' id='word_1_186' title='bbox 521 2521 605 2571; x_wconf 83' lang='lat' dir='ltr'>vbi</span> <span class='ocrx_word' id='word_1_187' title='bbox 628 2522 735 2572; x_wconf 83' lang='lat' dir='ltr'>haec</span> <span class='ocrx_word' id='word_1_188' title='bbox 761 2521 976 2573; x_wconf 77' lang='lat' dir='ltr'>saeuities</span> <span class='ocrx_word' id='word_1_189' title='bbox 1005 2523 1220 2573; x_wconf 71' lang='lat' dir='ltr'>siderum</span> <span class='ocrx_word' id='word_1_190' title='bbox 1262 2519 1407 2571; x_wconf 82' lang='lat' dir='ltr'>miti-</span> 
     </span>
    </p>
   </div>
   <div class='ocr_carea' id='block_1_5' title="bbox 140 2616 1403 2760">
    <p class='ocr_par' dir='ltr' id='par_1_5' title="bbox 140 2616 1403 2760">
     <span class='ocr_line' id='line_1_27' title="bbox 140 2616 1403 2686; baseline -0.006 -19"><span class='ocrx_word' id='word_1_191' title='bbox 140 2629 260 2686; x_wconf 76' lang='lat' dir='ltr'>gata</span> <span class='ocrx_word' id='word_1_192' title='bbox 298 2616 455 2669; x_wconf 84' lang='lat' dir='ltr'>fuerit</span> <span class='ocrx_word' id='word_1_193' title='bbox 479 2654 494 2678; x_wconf 89' lang='lat'>,</span> <span class='ocrx_word' id='word_1_194' title='bbox 546 2629 720 2686; x_wconf 80' lang='lat' dir='ltr'>petent</span> <span class='ocrx_word' id='word_1_195' title='bbox 766 2635 796 2669; x_wconf 90' lang='lat' dir='ltr'>a</span> <span class='ocrx_word' id='word_1_196' title='bbox 823 2618 971 2669; x_wconf 87' lang='lat' dir='ltr'>nobis</span> <span class='ocrx_word' id='word_1_197' title='bbox 1000 2616 1143 2671; x_wconf 87' lang='lat' dir='ltr'>Galli</span> <span class='ocrx_word' id='word_1_198' title='bbox 1174 2616 1403 2666; x_wconf 78' lang='lat' dir='ltr'>frumen-</span> 
     </span>
     <span class='ocr_line' id='line_1_28' title="bbox 1217 2719 1368 2760; baseline -0.026 -5"><span class='ocrx_word' id='word_1_199' title='bbox 1217 2719 1328 2755; x_wconf 82' lang='lat' dir='ltr'>tum</span> <span class='ocrx_word' id='word_1_200' title='bbox 1351 2737 1368 2760; x_wconf 86' lang='lat'>,</span> 
     </span>
    </p>
   </div>
  </div>
 </body>
</html>
