1965 3256
606 252 709 307 256
962 271 1246 308 DAMIANI
1277 272 1316 307 A
1349 272 1502 309 cor-:s

566 375 802 426 carnibus
832 411 846 433 ‚
890 375 939 427 &
989 378 1153 427 multo
1193 379 1356 447 magis
1400 396 1487 429 eos
1516 415 1530 437 ,
1579 378 1665 447 qui
1714 378 1850 436 ieiu-

566 484 690 522 nant
725 488 851 537 pane
881 508 893 530 ,
928 473 976 522 &
1002 491 1130 541 aqua
1159 511 1172 532 ,
1208 475 1257 525 ὃ(
1295 473 1461 523 herbis
1491 510 1505 531 ,
1545 487 1598 524 vt
1627 474 1849 529 Ioannes

561 565 785 635 Baptista
829 567 1040 618 eremita
1067 567 1195 618 vltra
1241 566 1512 618 Iordanem
1555 566 1710 627 fecit,
1759 571 1848 638 qui

564 660 761 729 semper
801 659 914 711 vsus
949 660 1015 710 est
1050 659 1238 710 herbis.
1283 658 1351 710 Et
1399 658 1609 710 Sanetus
1665 660 1851 712 Paulus

563 752 778 803 eremita
815 789 828 809 ,
868 752 954 820 qui
997 751 1259 820 offcoginta
1299 751 1444 802 annis
1474 750 1670 819 semper
1722 752 1854 802 ieiu-

566 858 693 892 nans
717 879 729 901 ,
754 855 1102 893 commoratus
1126 840 1193 892 est
1213 843 1264 892 in
1291 842 1485 892 deserto
1509 881 1521 901 ,
1548 857 1698 912 atque
1723 843 1852 894 San-

569 931 681 983 &us
741 932 1034 991 Antonius,
1069 932 1118 981 &
1165 930 1378 983 Sanctus
1423 930 1688 984 Macarius
1724 971 1738 993 ,
1793 949 1851 982 ac

567 1024 779 1092 plurimi
824 1023 911 1073 alii
945 1021 1039 1071 filii
1072 1021 1180 1070 eius
1213 1020 1496 1090 spirituales
1527 1059 1540 1080 ,
1581 1026 1668 1091 qui
1720 1043 1855 1075 nun-

568 1130 725 1180 quam
766 1112 1087 1179 gustauerunt
1137 1129 1333 1161 carnes,
1395 1110 1620 1180 Ideoque
1675 1115 1855 1167 fratres

563 1205 671 1255 mei
702 1242 716 1264 ,
761 1221 866 1252 non
908 1213 1109 1273 oportet
1150 1220 1252 1255 rnos
1290 1215 1621 1253 contemnere
1645 1242 1659 1264 ,
1695 1223 1861 1274 neque

566 1294 802 1348 insectari
830 1294 1097 1364 proximos
1134 1294 1326 1344 nostros
1359 1333 1373 1353 ,
1409 1298 1654 1364 quoniam
1705 1297 1857 1350 Iaco-

566 1393 659 1442 bus
693 1391 804 1441 ait:
866 1388 973 1460 Qai
1007 1388 1224 1439 detrahit
1264 1390 1442 1459 fratri
1468 1429 1482 1451 ,
1526 1402 1614 1443 aut
1672 1391 1858 1444 iudicat

559 1487 780 1557 fratrem
816 1485 967 1555 suum
1003 1523 1017 1544 ,
1047 1483 1262 1536 detrahit
1292 1485 1387 1553 legi
1411 1524 1425 1545 ‚
1469 1489 1526 1539 Εἴ
1567 1486 1751 1539 iudicat
1791 1489 1858 1538 le-

559 1601 685 1651 gem.
729 1581 915 1632 Paulus
943 1599 1145 1649 quoque
1170 1581 1318 1631 docet
1347 1617 1360 1639 ,
1389 1581 1554 1631 mdius
1576 1581 1660 1651 ff
1683 1598 1859 1632 vnum-

562 1693 784 1744 quemque
832 1674 1000 1723 viuere
1048 1685 1309 1723 contentum
1323 1672 1435 1744 sais
1462 1671 1804 1723 traditionibus
1833 1714 1848 1736 ,

565 1788 708 1839 quam
745 1788 847 1818 cum
867 1769 1044 1838 fratre
1081 1766 1338 1837 christiano
1384 1770 1439 1818 de
1487 1769 1583 1836 lege
1634 1767 1860 1838 dthuta-

565 1880 635 1911 re.
679 1857 872 1908 Rursus
902 1878 913 1907 :
955 1877 1041 1908 non
1060 1859 1169 1927 plus
1200 1856 1378 1927 sapere
1407 1896 1419 1917 ,
1458 1877 1598 1926 quam
1623 1868 1796 1926 oportet
1829 1872 1853 1907 :a

554 1951 651 2022 sed
675 1947 852 2019 sapere
878 1948 946 1996 ad
951 1944 1262 2018 sobrietatem
1294 1984 1307 2005 ,
1363 1949 1420 1999 Εἴ
1441 1945 1698 2016 vnicuique
1726 1945 1862 2017 ficut

567 2040 707 2090 Deus
749 2038 910 2109 diuisit
934 2036 1203 2109 mensuram
1215 2037 1359 2109 fidei.
1400 2037 1728 2108 Qapropter
1778 2036 1862 2086 in·-

565 2134 750 2182 decens
794 2131 860 2181 est
886 2148 1006 2181 cum
1029 2130 1267 2182 fratribus
1293 2131 1354 2180 de
1380 2131 1495 2201 lege
1524 2169 1540 2189 ,
1574 2143 1662 2181 aut
1685 2130 1746 2179 de
1771 2129 1861 2178 de-

565 2226 701 2276 leem
730 2228 971 2277 ciborum-
991 2225 1243 2295 disputare
1262 2265 1280 2286 ,
1297 2227 1434 2296 quod
1460 2225 1572 2277 esca
1593 2245 1686 2277 nos
1711 2243 1859 2275 com-

567 2320 776 2368 men-:iet
827 2319 942 2370 Deo
970 2359 985 2380 ,
1031 2321 1309 2390 praesertim
1347 2341 1471 2373 cum
1518 2320 1622 2390 ipse
1672 2321 1867 2372 Paulus

569 2411 844 2481 Apostolus
893 2414 1028 2464 dicat
1057 2437 1073 2463 .-
1125 2414 1228 2467 IVec
1258 2416 1313 2486 st
1358 2416 1803 2467 manducauerimus
1841 2452 1859 2473 ,

569 2503 917 2554 abundabimus
973 2542 984 2563 ,
1033 2525 1113 2554 nec
1137 2508 1192 2575 st
1232 2528 1317 2557 nan
1368 2509 1817 2559 manducaueritnus
1842 2544 1859 2566 ,

569 2597 848 2666 deficiemus.
898 2596 1102 2648 Idcirco
1127 2599 1309 2649 altiora
1333 2603 1382 2652 δε
1407 2604 1652 2654 caelestem
1681 2601 1858 2650 cibum

571 2707 854 2759 quaeramus
891 2728 904 2749 ,
949 2693 997 2742 ἃ
1041 2689 1131 2741 has
1172 2691 1375 2743 infimas
1425 2696 1474 2745 &
1522 2692 1859 2745 inmanes-dis·-

1730 2803 1825 2854 PU-
