1965 3256
602 241 670 311 78
961 259 1244 300 DAMIANJ
1301 265 1339 300 A
1388 264 1565 302 eom„

564 360 756 412 tionem
797 362 1017 416 induxit.
1075 365 1207 416 Puto
1255 386 1370 419 eum
1396 407 1410 428 ,
1448 389 1567 422 cum
1619 369 1823 422 Basileae

560 454 857 524 profiteatur
878 493 891 514 ,
933 453 1099 506 Gallis
1131 494 1144 514 ,
1173 457 1234 506 ad
1260 476 1386 525 quos
1412 461 1608 530 reliqua
1630 461 1821 513 Bafilea

559 542 749 611 specstat
780 583 792 604 ‚
833 559 1047 614 excepta
1075 546 1221 597 tertia
1272 547 1432 600 ferme
1481 565 1623 619 parte
1651 591 1662 611 ,
1718 572 1825 621 qua

558 635 834 686 secundum
883 633 1123 685 Rhenum
1195 634 1493 690 Germaniae
1547 642 1772 693 adhaeret
1799 682 1813 702 ‚

559 727 730 796 potius
783 744 934 794 quam
974 725 1218 794 Hispanis
1264 729 1545 781 adblandiri
1585 733 1812 784 voluisse.

558 821 937 890 Quamobrem,
966 833 1019 871 vt
1038 822 1212 872 doceat
1239 824 1309 872 ita
1335 824 1430 873 esse-
1448 861 1462 882 ,
1491 827 1627 892 quod
1650 827 1776 876 dicit
1803 863 1818 885 ,

555 929 684 982 opus
727 912 792 962 est
818 953 830 971 ‚
874 927 925 963 vt
947 913 1093 963 nobis
1130 914 1394 983 depromat
1431 915 1508 964 vel
1544 934 1701 966 vnum
1731 918 1820 969 Se-

555 1022 763 1066 necam,
786 1007 1174 1075 Quintilianum
1206 1045 1219 1066 ,
1249 1007 1484 1058 Portium
1516 1005 1824 1066 Latronem,

553 1100 843 1152 Auicenam
872 1138 886 1159 ,
917 1102 1187 1151 Lucanum
1216 1136 1229 1157 ,
1261 1099 1593 1148 prudentium
1618 1134 1630 1154 ‚
1658 1098 1810 1147 Iusti-

552 1207 680 1240 num
697 1228 715 1249 ,
741 1189 1131 1257 Columellam,
1154 1186 1418 1246 Orofium,
1438 1186 1641 1236 Melam
1657 1223 1669 1242 ,
1696 1187 1818 1237 Sili-

550 1296 638 1330 um
665 1317 677 1337 ‚
729 1277 1034 1331 Martialem
1060 1317 1073 1338 ,
1107 1278 1446 1337 quenalem,
1472 1278 1522 1328 δε
1547 1277 1677 1327 alios
1707 1277 1812 1328 istis

550 1368 777 1428 similem
816 1369 866 1419 δε
890 1383 1004 1419 tum
1031 1369 1236 1419 damnet
1281 1367 1619 1438 Hispanicam
1670 1368 1817 1420 indo-

549 1461 652 1533 lem
683 1502 696 1521 ‚
721 1481 935 1532 eamque
972 1462 1192 1514 Gallicis
1220 1501 1237 1522 ‚
1275 1463 1326 1514 &
1362 1461 1693 1515 Germanicis
1733 1462 1840 1519 in«,

549 1556 714 1623 geniis
741 1554 1024 1623 postponat.
1091 1554 1254 1622 ond.
1295 1554 1333 1604 si
1376 1571 1475 1605 nec
1519 1553 1771 1607 Germani
1802 1588 1816 1611 ‚

547 1668 640 1699 nec
668 1649 808 1700 Galli
836 1648 948 1698 istos
987 1685 999 1705 ,
1041 1665 1168 1714 quos
1197 1647 1343 1714 snpra
1389 1649 1599 1698 recitaui
1634 1685 1646 1706 ,
1679 1648 1816 1697 viros

550 1743 814 1807 adaequent
856 1741 871 1807 (
896 1737 1165 1788 Erasmum
1193 1739 1240 1788 «Sc
1272 1738 1517 1788 Bndaeum
1568 1738 1770 1807 excipio
1797 1735 1816 1803 )

547 1832 672 1900 quid
694 1830 760 1880 est
786 1830 922 1897 quod
948 1830 1236 1879 conuitium
1266 1830 1440 1880 nostrae
1467 1834 1608 1898 genti
1630 1832 1691 1880 de
1712 1830 1812 1880 stu-

547 1945 668 1995 pore
695 1926 847 1976 faciat
881 1927 896 1972 ἓ
941 1925 1122 1976 Fateor
1148 1925 1285 1975 aliud
1327 1925 1554 1976 seculum
1592 1927 1693 1977 alio
1719 1927 1815 1977 fio-

545 2017 737 2068 reutius
762 2055 775 2075 ,
804 2035 897 2067 nec
923 2035 1060 2067 nunc
1111 2016 1203 2066 effe
1246 2016 1453 2066 laudem.
1500 2036 1615 2070 eam
1642 2018 1814 2068 erudi-

547 2112 701 2162 tionis
726 2148 742 2169 ,
782 2131 893 2179 quae
943 2111 1070 2161 olim
1100 2110 1362 2180 Hispaniae
1406 2113 1505 2163 fuit
1537 2130 1552 2173 ς
1589 2130 1690 2161 non
1732 2125 1814 2162 ta-

544 2221 663 2252 men
691 2205 833 2253 bruta
862 2204 929 2253 est
956 2204 1042 2253 illa
1074 2219 1202 2254 terra
1233 2241 1246 2262 ,
1298 2221 1410 2270 quae
1448 2202 1568 2253 talia
1595 2200 1815 2269 ingenia

546 2293 827 2360 produxit,
878 2310 969 2342 nec
1018 2293 1136 2359 quia
1191 2292 1486 2358 aliquandiu
1537 2289 1657 2339 talia
1703 2307 1809 2339 non

544 2382 820 2447 produxit,
856 2382 908 2432 io
952 2400 1104 2433 omne
1152 2403 1325 2435 aeuum
1369 2384 1540 2435 effoeta
1580 2382 1811 2432 habenda

543 2472 637 2524 est.
675 2473 832 2540 Qiod
860 2474 893 2524 si
918 2491 1052 2524 nunc
1096 2492 1213 2524 non*
1248 2473 1810 2526 tot'chartasoblinunt

541 2565 761 2634 Hispani
789 2603 801 2619 ‚
831 2567 966 2633 quod
994 2565 1228 2615 nonnulli
1255 2565 1451 2617 faciunt
1487 2603 1501 2624 ,
1521 2582 1612 2615 nec
1651 2564 1808 2612 eden-

544 2659 621 2710 dis
639 2658 818 2709 alienis
838 2656 980 2708 libris
1009 2655 1239 2725 plagium
1267 2658 1602 2708 committunt
1622 2691 1638 2713 ,
1667 2651 1804 2727 nihl·

1720 2743 1778 2794 lo
