1965 3256
579 251 685 307 244
924 249 1210 287 DAMIANI
1239 249 1279 285 A
1311 249 1461 286 GOES

543 362 716 412 beant.
761 353 1016 407 Monachi
1045 369 1218 407 tamen
1247 373 1429 407 vxores
1478 371 1581 404 non
1625 353 1841 412 ducunt.

543 450 610 502 Et
637 465 743 501 tam
773 449 890 499 laici
920 468 1074 517 quam
1101 450 1273 500 clerici
1303 467 1457 500 vnam
1485 461 1691 500 tantum
1729 452 1848 519 pos-

543 544 701 594 fident
752 559 963 591 vxorem
995 578 1008 599 ,
1035 542 1083 591 δε
1129 540 1523 590 matrimonium
1574 558 1678 590 non
1721 555 1850 590 con-

541 640 755 690 trahitur
783 656 875 706 pro
901 638 1095 687 foribus
1125 634 1271 685 sacrae
1299 634 1419 684 aedis
1442 671 1456 692 ,
1486 632 1568 683 sed
1594 634 1647 683 in
1671 633 1852 702 priua-

549 734 678 784 vatis
707 732 946 782 domibus
974 728 1475 799 Paranymphorum.
1520 727 1602 779 Ex
1630 728 1848 780 SanE'to-

551 845 662 878 rum
719 822 1087 893 Apostolorum
1146 823 1509 875 constitutione
1553 820 1801 873 habemus
1836 860 1851 879 .

549 938 601 974 vt
627 921 660 971 st
693 919 939 969 Sacerdos
966 917 1119 968 fuerit
1145 912 1538 987 comprehensus
1567 914 1620 963 in
1653 915 1847 965 adulte-

542 1018 620 1066 rio
653 1052 665 1072 ‚
695 1011 979 1063 homicidio
1013 1049 1024 1068 ,
1052 1009 1324 1060 latrocinio
1357 1047 1369 1067 ,
1421 1008 1500 1057 vel
1541 1006 1726 1056 falsum
1773 1022 1850 1058 te-

543 1102 841 1152 stimonium
867 1099 1040 1147 tulerit
1073 1136 1085 1156 ,
1113 1111 1165 1146 vt
1191 1117 1219 1147 a
1247 1096 1397 1146 sacris
1441 1096 1706 1145 ordinibus
1760 1097 1849 1145 de-

539 1191 770 1242 stituatur
818 1228 831 1249 ,
874 1206 931 1239 ac
981 1201 1033 1238 vt
1084 1187 1253 1238 caeteri
1307 1187 1525 1237 malefici
1578 1189 1842 1255 puniatur.

551 1286 750 1339 Rursus
777 1303 837 1334 ex
885 1303 1065 1334 eorum
1094 1282 1459 1351 Apostolorum
1504 1282 1731 1333 instituto
1761 1321 1774 1342 ,
1815 1282 1851 1332 fi

544 1385 732 1454 aliquis
759 1384 857 1434 sme
887 1382 1246 1433 ecclefiasticus
1274 1384 1373 1434 s1ue
1399 1383 1558 1434 laicus
1585 1401 1704 1434 cum
1724 1401 1852 1433 vxo-

542 1493 594 1526 re
622 1474 910 1546 congressus
938 1473 1090 1525 fuerit
1120 1513 1133 1533 ,
1172 1477 1249 1526 vel
1297 1478 1349 1527 in
1400 1475 1594 1527 somnis
1641 1476 1846 1546 polutus

543 1566 697 1616 fuerit
729 1603 741 1624 ,
789 1565 981 1634 spatio&
1001 1578 1219 1634 quatuor
1267 1569 1318 1618 δε
1366 1568 1550 1637 viginti
1598 1568 1845 1618 horarum

547 1661 802 1727 templum
859 1679 963 1710 non
1013 1661 1295 1730 ingreditur
1325 1698 1337 1720 ,
1391 1681 1482 1712 nec
1547 1663 1596 1712 id
1648 1676 1851 1729 quoque

548 1756 869 1808 menstruatis
924 1757 1228 1808 mulieribus
1275 1759 1396 1808 licet
1429 1796 1441 1818 ‚
1493 1759 1582 1809 nifi
1629 1758 1848 1825 septimo

546 1870 751 1920 quoque
779 1851 859 1901 die
897 1870 923 1901 a
953 1853 1208 1903 menstruo
1243 1891 1256 1911 ,
1284 1853 1335 1902 id
1362 1852 1570 1920 quidem
1611 1856 1853 1908 omnibus

546 1946 762 1998 vestibus
813 1947 995 1998 ablatis
1029 1985 1041 2006 ,
1087 1948 1270 2016 quibus
1335 1960 1565 2016 tempore
1609 1946 1855 1999 menstrui

541 2041 774 2090 Vtebatur
802 2080 815 2100 ,
844 2040 1051 2109 ipsaque
1076 2041 1206 2091 bene
1251 2039 1357 2089 lota
1390 2077 1404 2099 ‚
1431 2054 1582 2110 atque
1632 2059 1659 2090 a
1687 2039 1850 2091 sordi·

549 2136 644 2185 bus
673 2134 960 2207 repur'gata.
1007 2137 1146 2188 Item
1197 2135 1401 2187 mulieri
1440 2136 1667 2204 pariente
1720 2140 1856 2191 mas-

553 2229 728 2277 culum
755 2248 856 2278 non
875 2229 1173 2281 conceditur
1195 2228 1365 2280 venire
1388 2230 1441 2280 in
1463 2227 1743 2295 templum,
1772 2233 1855 2283 ni..

550 2322 582 2372 s1
615 2324 719 2390 post
747 2323 1184 2393 quadragesimum
1233 2325 1371 2375 diem
1404 2342 1419 2385 ς
1466 2323 1692 2393 pariente
1736 2336 1858 2372 vero

553 2415 830 2466 foeminam
862 2454 874 2475 ,
903 2419 1009 2484 post
1036 2419 1430 2488 oetogefimum.
1475 2417 1629 2468 Hanc
1667 2411 1854 2464 consu-

553 2508 815 2558 etudinem
844 2524 907 2556 ex
934 2510 1088 2558 veteri
1117 2510 1226 2578 lege
1261 2549 1274 2569 ,
1327 2492 1385 2560 ae
1414 2528 1478 2560 ex
1525 2527 1658 2560 nova
1706 2505 1854 2574 Apo-

561 2599 737 2651 stolica
790 2600 1040 2649 habemus
1072 2637 1084 2657 ‚
1136 2619 1261 2666 quas
1289 2601 1424 2668 leges
1456 2639 1468 2659 ‚
1521 2599 1745 2651 instituta
1794 2608 1852 2649 ac

558 2711 810 2769 praecepta
837 2696 1106 2767 diligenter
1155 2696 1208 2747 in
1258 2697 1502 2748 omnibus
1535 2733 1551 2756 ,
1605 2707 1857 2764 quatenus

1727 2787 1826 2840 fic«
