1931 3239
391 212 466 248 DE
500 207 693 244 BELLO
729 208 1066 246 CAMBAICO
1098 213 1223 251 SEC.
1344 212 1446 270 345

181 316 545 371 existimarent.
576 312 672 364 Sed
701 311 999 364 Franciscus
1021 315 1261 382 Almeida
1283 322 1364 370 cui
1391 340 1482 372 ex-

182 411 357 465 c'ubias
382 407 566 477 agendi
607 425 724 458 cura
751 408 813 457 ad
839 405 1156 458 Thomaeam
1183 412 1365 462 turrim
1387 415 1481 464 ob-

178 512 387 553 uenerat
416 537 431 560 ‚
482 518 587 551 non
610 500 831 568 amplius
861 518 1017 568 quam
1044 501 1228 571 viginti
1257 505 1484 574 quinque

178 591 438 642 militibus
483 588 775 640 succinet&
806 628 819 648 ‚
846 590 1102 658 impetum
1132 589 1351 642 hostium
1404 596 1485 645 vi·-

175 685 341 736 riliter
380 684 663 735 admodum
710 681 963 734 sustinuit.
1014 684 1262 737 Tandem
1306 686 1487 739 nostris

177 776 562 827 accurrentibus
592 812 606 834 ‚
643 787 751 824 tam
792 776 1037 827 atrociter
1084 777 1249 827 tribus
1294 792 1380 829 aut
1426 798 1488 830 eo

176 873 295 941 plus
332 873 472 924 horis
498 885 785 943 pugnaturn
811 870 913 922 fuit
944 911 957 932 ,
1001 886 1055 923 vt
1094 891 1360 943 nunquam
1395 895 1486 928 an-

178 981 262 1017 tea
286 968 532 1018 atrocius.
575 965 822 1016 Tandem
879 964 1028 1033 snpra
1054 967 1378 1036 o&ingexitos
1423 991 1490 1024 ex

179 1058 404 1109 hostibus
425 1056 667 1126 iugulatis
692 1093 704 1114 ,
729 1057 955 1123 receptui
984 1055 1342 1117 Rumecanus,
1381 1067 1487 1117 dux

183 1149 373 1200 summi
397 1152 452 1199 in
479 1167 538 1198 eo
564 1145 790 1197 exercitu
818 1145 1025 1215 imperii
1056 1185 1070 1207 ,
1098 1165 1277 1199 canere
1304 1149 1444 1205 iubet
1475 1185 1495 1212 ‚1

182 1256 334 1312 atque
370 1241 554 1312 insigni
593 1241 686 1290 hac
714 1253 923 1309 accepta
951 1240 1093 1291 clade
1127 1279 1141 1301 ,
1181 1242 1233 1293 in
1263 1245 1415 1299 castra
1440 1249 1491 1301 se

181 1340 394 1410 recepin
440 1339 526 1390 De
565 1335 741 1386 nostris
804 1351 922 1384 vero
986 1334 1182 1402 aliquot
1226 1338 1488 1396 interfed’ti

182 1433 301 1484 sunt
330 1471 344 1493 ‚
382 1431 633 1483 vulnerati
683 1430 731 1480 ἃ
760 1428 878 1498 igne
909 1428 1126 1479 ambusti
1179 1451 1283 1483 non
1310 1438 1483 1504 pauci„-

359 1521 494 1572 Hoc
526 1535 755 1591 tempore
799 1522 942 1572 omni
971 1523 1137 1573 vietus
1175 1544 1358 1594 genere
1393 1552 1490 1583 no..

184 1615 267 1668 stri
303 1617 506 1686 auguste
539 1617 820 1667 admodum
846 1620 1115 1668 vtebantur
1140 1657 1155 1679 ,
1202 1624 1491 1689 praesertim

182 1710 416 1761 carnium
449 1747 463 1769 ,
501 1727 719 1778 quarum
746 1723 887 1759 tanta
912 1723 1016 1760 erat
1044 1710 1218 1780 inopia
1254 1751 1268 1771 ,
1301 1729 1356 1767 vt
1379 1720 1490 1788 ga]-

182 1800 289 1849 lina
311 1800 868 1869 vnain'aegrotantium
910 1803 1103 1852 dietam
1167 1802 1346 1856 decem
1397 1830 1489 1860 au-

184 1894 284 1944 reis
315 1892 509 1943 ducatis
535 1895 934 1945 venundaretur.
980 1893 1178 1946 Eodem
1224 1899 1333 1967 ipso
1357 1915 1490 1952 tem-

185 2004 308 2055 pore
337 2026 349 2045 ,
397 1984 703 2038 Mamudius
743 1986 928 2036 certior
954 1983 1120 2037 fac'tus
1146 2027 1162 2048 ,
1189 2010 1343 2058 quam
1371 1995 1492 2045 fini-

185 2077 338 2129 stram
387 2077 462 2128 sui
513 2079 756 2128 omnibus
815 2082 1287 2146 oppugnationibus
1324 2084 1491 2138 fortn-

187 2190 311 2222 nam
362 2172 679 2229 habuerant,
737 2170 1131 2224 Moiatecanum
1158 2213 1174 2234 ‚
1218 2177 1305 2246 qui
1350 2198 1379 2228 a
1431 2181 1481 2231 se

187 2265 419 2335 primum
445 2265 711 2335 dignitatis
750 2265 926 2316 locum
955 2266 1008 2315 in
1034 2285 1195 2337 regno
1239 2267 1490 2323 Cambai-

187 2373 250 2406 co
283 2356 544 2406 obtinebat
567 2395 581 2416 ,
605 2375 724 2406 cum
745 2357 1131 2425 quatuordecim
1156 2359 1388 2412 millibus
1416 2360 1492 2410 se—

188 2447 441 2498 le6³mrum
485 2450 715 2500 militum
754 2447 918 2500 Dium
958 2449 1146 2503 mittit.
1192 2452 1307 2504 Post
1344 2452 1488 2502 cuius

187 2543 469 2592 aduentum
498 2581 512 2601 ‚
554 2542 716 2592 hostes
752 2541 963 2594 confilio
1004 2543 1138 2593 inter
1177 2543 1225 2594 se
1268 2543 1443 2594 habito
1470 2574 1493 2601 ,ν

188 2636 442 2689 cuniculis
479 2636 626 2688 omn}
662 2638 874 2691 materia
903 2635 1217 2688 incendiaria
1244 2634 1449 2704 repletis
1469 2671 1485 2693 ,

803 2734 882 2785 Aa
908 2745 936 2784 2
1370 2743 1450 2795 at-
