1965 3223
610 222 717 292 ‘328
1010 242 1294 280 DAMIANl
1350 245 1388 280 A
1438 245 1584 282 coes
1645 245 1653 250 ·

574 344 794 413 imperat
839 384 851 406 ‚
897 346 1090 399 foribus
1136 347 1453 419 postibusque
1504 350 1850 406 robustiffimls

567 436 955 487 communiens.
991 437 1115 488 Inde
1144 440 1404 490 materiam
1427 441 1726 512 collapsam,
1755 462 1856 512 quo

576 542 772 598 poterat
813 529 1008 581 filentio
1041 570 1052 589 ,
1082 531 1257 582 furtim
1311 533 1613 602 subripiebat
1644 557 1654 586 ε
1706 550 1858 605 atque

573 621 645 671 ita
682 623 902 673 hostium
930 643 1015 692 per
1050 638 1180 675 totas
1211 625 1383 675 noeles
1427 628 1729 678 continuum
1779 631 1852 679 la-

574 721 748 762 borem
802 749 817 770 ,
868 712 970 762 sola
1016 713 1250 763 diuturna
1275 731 1425 781 opera
1453 754 1466 774 ,
1507 717 1849 770 frustrabatur.

567 804 682 870 -Qri
724 820 846 853 cnm
889 804 941 853 in
971 802 1144 852 foffim
1183 803 1429 860 respicere
1478 824 1568 856 nec
1610 807 1801 874 possent
1835 844 1848 866 ‚

580 911 674 943 nee
714 895 951 943 auderent
983 930 994 949 ,
1036 894 1203 944 bolide
1231 913 1316 961 per
1344 897 1572 948 canalem
1597 900 1799 949 demill'a
1830 938 1845 959 ,

574 985 839 1037 cumulum
893 986 1225 1052 explorabant
1276 1022 1290 1043 ,
1342 988 1485 1036 cuius
1544 989 1852 1040 eminentior

569 1095 684 1144 pars
727 1076 886 1125 ferme
925 1075 1026 1125 iam
1073 1075 1134 1124 ad
1160 1073 1349 1123 canalis
1394 1091 1480 1123 ora
1528 1091 1841 1141 peruenerat.

570 1165 690 1216 Hoc
732 1164 926 1214 cumuli
968 1162 1222 1232 fastigium
1252 1200 1266 1222 ‚
1305 1162 1500 1213 summa
1544 1162 1804 1232 diligentia
1831 1200 1849 1223 ,

558 1278 623 1311 ne
648 1270 903 1309 corrueret
933 1296 942 1314 ,
973 1255 1331 1323 Mascaregnas
1358 1256 1681 1325 prouidebat,
1705 1260 1754 1308 &
1782 1277 1845 1309 ne

566 1352 764 1401 furtum
793 1345 934 1396 suurn
963 1347 1127 1415 palam
1156 1346 1293 1397 fieret
1317 1384 1331 1405 ,
1357 1347 1426 1397 vti
1455 1347 1612 1396 hostes
1639 1385 1650 1405 ,
1683 1366 1741 1397 eo
1768 1347 1842 1396 la-

559 1441 682 1489 bore
726 1433 1007 1501 impediti,
1057 1433 1218 1483 nullas
1269 1434 1390 1483 alias
1416 1432 1633 1483 rationes
1679 1452 1845 1503 oppu-

557 1529 743 1603 gnandi
772 1539 1021 1578 tentarent
1041 1563 1054 1583 ‚
1076 1539 1273 1577 tantum
1301 1565 1315 1585 ,
1335 1525 1438 1577 astu
1467 1542 1678 1579 conatus
1704 1526 1840 1597 ipso·

557 1640 674 1672 rum
702 1621 911 1670 eludens
940 1657 953 1678 ,
984 1619 1160 1669 rudera
1203 1635 1267 1668 ex
1298 1620 1481 1669 tumuli
1522 1619 1634 1669 base
1686 1619 1839 1669 suffu-

556 1714 780 1763 rabatur.
823 1711 955 1779 Qrae
983 1728 1142 1778 quum
1171 1710 1452 1759 multotum
1490 1709 1649 1760 studio
1691 1710 1739 1759 δεῖ
1766 1709 1839 1758 la-

553 1803 675 1851 bore
714 1816 978 1871 agerentur
1007 1840 1019 1861 ,
1057 1802 1329 1852 affiduitate
1378 1799 1698 1870 absportandi
1752 1802 1832 1851 fo-

549 1893 824 1961 diendique
846 1892 952 1942 fieri
980 1910 1080 1941 non
1102 1892 1299 1962 potuit,
1323 1892 1444 1959 quin
1476 1890 1624 1958 ipsius
1652 1907 1834 1942 cumu-

546 1988 584 2038 li
612 1986 866 2055 fastigium
911 1985 1089 2036 senfim
1125 1985 1478 2036 collaberetur.
1531 1982 1619 2034 Ob
1665 1984 1714 2033 id
1756 1984 1832 2034 fa-

546 2078 689 2127 &tum
715 2115 726 2135 ‚
754 2095 908 2146 quum
941 2078 1004 2127 ab
1033 2076 1255 2126 hostibus
1283 2074 1413 2125 bolis
1454 2073 1618 2143 postea
1644 2073 1830 2124 demis-

544 2165 594 2214 sa
620 2169 733 2218 effer
766 2207 779 2227 ,
828 2169 875 2218 ἅτ
904 2168 1041 2218 funis
1069 2186 1170 2236 quo
1199 2167 1580 2237 appendebatur
1609 2204 1624 2225 ,
1675 2166 1829 2216 latius

544 2255 703 2305 solito
731 2256 829 2306 sese
878 2258 1214 2308 distenderet:
1266 2257 1731 2308 animaduerterunt
1780 2256 1829 2307 se

541 2349 749 2397 tandem
779 2350 957 2400 misere
983 2351 1224 2401 frustrari.
1269 2350 1388 2418 Qza
1413 2370 1465 2402 re
1489 2352 1692 2403 attoniti
1732 2370 1826 2403 cu-

535 2437 738 2489 mulum
784 2439 943 2487 oeulis
985 2441 1172 2506 (omni
1222 2442 1453 2508 periculo
1496 2441 1824 2510 posthabito)

543 2526 880 2596 contemplari
913 2528 1241 2580 constituunt.
1289 2532 1369 2582 Ibi
1398 2532 1588 2583 nostros
1638 2533 1692 2583 in
1717 2531 1821 2599 ipsa

533 2621 660 2673 foffa
711 2634 986 2692 occupatos
1053 2621 1225 2674 vident
1253 2658 1270 2683 ‚
1311 2623 1537 2696 visosque
1586 2623 1818 2693 protinus

1702 2725 1779 2764 te·
