1931 3239
292 252 370 290 DE
401 245 590 286 REBVS
621 245 693 280 ET
726 241 986 280 IMPERIO
1020 241 1222 279 LVSIT.
1304 247 1405 300 155

176 376 242 409 ae
290 350 533 424 principis
587 348 661 398 sui
699 348 863 397 verbis
919 345 1218 397 Romanum
1268 347 1447 396 Ponti-

171 449 348 503 ficem,
376 457 427 493 vt
455 441 745 510 supremum
773 438 1085 506 Episcopum
1105 476 1116 494 ‚
1137 436 1404 507 agnoscere
1432 475 1449 497 ‚

181 534 602 600 subditorumque
623 530 862 599 obsequia
881 531 1133 598 polliceri,
1152 531 1202 582 id
1225 532 1278 581 in
1298 547 1444 579 man-

167 626 300 676 datis
363 625 606 675 habentes
641 661 653 681 ‚
690 636 744 673 vt
795 622 844 673 se
899 621 1185 674 Catholicae
1214 620 1451 673 Ecclefiae

170 716 507 783 coniungant.
550 713 683 782 Qae
713 730 788 762 res
809 715 933 765 adeo
962 715 1205 782 praeclara
1229 751 1242 772 ‚
1263 730 1316 762 vt
1340 730 1455 780 gra·

173 807 423 858 mlatione
458 844 472 866 ‚
507 823 609 856 non
652 805 773 856 odio
817 806 1167 875 prosequenda
1210 805 1326 856 esset
1356 842 1369 863 ‚
1416 803 1451 853 si

178 917 294 950 vere
321 896 510 949 Christi
555 897 776 948 cultores
810 898 1043 950 essemus.

247 992 375 1044 IAM
397 1004 447 1042 vt
470 992 733 1051 omittam,
762 1011 863 1059 quo
889 995 1039 1061 pa&o
1069 993 1250 1050 nostri,
1274 991 1453 1059 saepius

176 1082 340 1132 finum
380 1081 660 1132 Arabicum
687 1098 997 1149 pererrantes
1021 1121 1033 1141 ,
1079 1082 1325 1133 Suezium
1369 1081 1450 1131 vs-

178 1188 275 1236 que
301 1171 643 1236 peruenerint,
676 1171 951 1239 omnesque
983 1171 1144 1220 ferme
1170 1172 1278 1221 eius
1307 1172 1450 1221 litto-

179 1259 308 1311 rales
339 1259 570 1311 ciuitates
618 1262 957 1310 euastauerint
985 1300 996 1318 ,
1026 1279 1081 1310 ac
1112 1261 1302 1327 templa
1330 1259 1453 1309 Ma-

177 1351 588 1423 hometanorum·
611 1353 867 1402 incendiis
906 1352 1273 1422 absumpserint
1304 1390 1317 1411 ,
1364 1369 1458 1402 nee

178 1441 231 1490 id
257 1441 465 1508 quidem
506 1440 608 1490 fine
661 1441 954 1510 ingentibus
1026 1441 1311 1510 sumptibus
1340 1479 1354 1499 ,
1401 1457 1458 1490 ac

176 1551 362 1601 magna
387 1531 670 1582 nostrorum
691 1534 901 1601 jachim
939 1534 1214 1583 conficitur
1232 1571 1244 1590 ‚
1270 1532 1458 1600 quaestu

178 1641 335 1692 prope
361 1622 502 1672 nullo
527 1643 539 1672 :
564 1622 729 1672 adiice
756 1624 892 1690 quod
946 1641 1161 1692 regnum
1186 1621 1455 1672 Adenense

178 1713 327 1766 nobis
347 1712 673 1763 tributarium
718 1731 839 1764 cum
891 1712 1271 1781 Fartaquorum
1295 1731 1457 1782 regno

181 1807 452 1858 fecerimus
473 1844 485 1865 ,
509 1806 774 1875 sinumque
804 1807 1059 1860 Persicum
1092 1808 1143 1857 in
1177 1808 1451 1864 ditionem,

182 1900 360 1969 iusque
405 1899 630 1950 nostrum
693 1901 797 1951 fere
860 1916 1026 1952 totum
1059 1903 1405 1971 redegerimus
1438 1940 1450 1961 ‚

180 1994 266 2045 vbi
333 2010 547 2061 regnum
572 2031 586 2051 ,
653 1993 702 2043 &
753 1993 916 2043 insula
983 1992 1255 2044 Ormuziae
1287 2033 1302 2053 ‚
1347 1997 1459 2064 jam

182 2100 423 2156 tanquam
455 2087 729 2139 Lusitaniae
750 2089 984 2157 legitima
1012 2090 1325 2160 patrimonia
1365 2091 1454 2142 fita

180 2181 316 2233 sunt.
380 2181 572 2232 Adhaec
613 2199 828 2251 regnum
881 2202 1085 2252 quoque
1141 2183 1407 2236 Cambaiae
1439 2223 1452 2244 ‚

180 2292 211 2324 a
236 2273 384 2324 nobis
421 2273 518 2323 hoc
543 2286 776 2342 tempore
803 2275 1062 2327 domi-tum
1115 2275 1215 2335 est,
1277 2277 1325 2327 &
1352 2276 1462 2326 eius

182 2364 459 2415 firmiffima
484 2365 667 2416 ciuitas
725 2364 897 2415 Dium
946 2380 1217 2436 occupata.
1266 2366 1333 2418 Ln
1353 2383 1457 2434 quo

179 2457 299 2507 *loco
317 2457 495 2524 ingens
521 2458 677 2508 claffis
705 2457 901 2510 Sultani
929 2459 1233 2529 Babyloniae
1260 2497 1274 2519 ,
1321 2462 1464 2511 mili-

181 2562 232 2599 te
258 2549 413 2598 etiam
454 2546 761 2600 Christiano
803 2551 1177 2604 instruRissima
1204 2591 1218 2611 ‚
1260 2572 1317 2603 ac
1359 2567 1460 2604 tre-

174 2640 344 2694 centis
385 2639 542 2711 Regis
577 2639 843 2696 Cambaiae
871 2645 1091 2696 nauibus
1118 2683 1130 2703 ‚
1160 2662 1283 2712 quas
1307 2642 1459 2694 Atta-

1313 2736 1434 2787 laias
