1965 3256
617 246 726 297 214
984 249 1266 285 DAMIANI
1298 249 1338 285 A
1369 249 1519 286 GOES

557 389 597 413 ‚,
626 353 688 403 ad
716 352 767 404 id
793 354 1043 406 militares
1071 356 1248 424 copias
1275 355 1527 425 postulem
1555 393 1568 416 ,
1603 374 1723 410 cum
1753 361 1856 411 mi-

556 483 597 507 „
625 447 741 499 lites
796 450 925 500 mihi
957 449 1220 517 supersint.
1282 447 1566 501 Orationes
1592 488 1604 509 ‚
1650 453 1700 503 &
1738 452 1858 521 sup-

554 589 594 611 „
616 552 921 620 plicationes
947 563 1151 601 tantum
1177 565 1297 617 peto
1322 588 1335 609 ‚
1364 549 1644 620 locumque
1672 553 1860 622 gra'tiae

557 682 596 704 ‚,
622 646 756 714 apud
802 645 1135 696 San&itatem
1174 645 1385 697 vestram
1412 684 1425 705 ,
1465 647 1515 696 &
1559 648 1726 719 Reges
1753 648 1858 698 fra-

557 771 595 793 „
624 747 721 785 tres
772 754 914 786 meos
967 751 1181 804 exopto,
1227 737 1516 805 Qiaerenda
1542 740 1680 790 enim
1707 740 1841 789 mihi

552 816 592 888 .„
619 829 686 880 est
715 831 822 882 haec
845 831 1108 882 vobiscum
1141 833 1374 883 amicitia
1401 871 1414 892 ‚
1451 847 1502 884 vt
1542 834 1746 905 copiose
1772 833 1854 883 his

554 955 594 977 ‚,
624 922 807 980 rebus,
849 940 973 991 quas
1024 922 1171 991 snpra
1214 921 1461 991 postulaui
1508 925 1569 974 ad
1605 938 1856 974 terrorem

554 1049 591 1071 ‚,
623 1013 935 1064 Maurorum
977 1016 1066 1065 fim
1115 1008 1389 1066 instruetus
1415 1054 1427 1075 ,
1477 1019 1526 1067 &
1572 1015 1854 1067 Christiani

552 1147 588 1170 ‚,
617 1109 842 1157 nominis
889 1107 1054 1156 hostes
1083 1144 1096 1165 ,
1150 1106 1308 1157 vicini
1336 1107 1439 1157 mei
1466 1145 1479 1166 ,
1509 1107 1803 1177 intelligant
1833 1146 1851 1167 ,

550 1238 586 1259 ‚,
618 1216 758 1267 reges
810 1195 988 1249 fratres
1026 1215 1170 1249 meos
1219 1198 1457 1267 singulari
1502 1196 1664 1248 studio
1709 1199 1844 1251 mihi

549 1335 585 1356 ‚,
615 1296 785 1346 fauere
811 1333 823 1354 ,
853 1308 1003 1363 atque
1032 1313 1185 1364 opem
1229 1295 1358 1346 ferre
1381 1334 1395 1356 ‚
1442 1295 1579 1364 quod
1606 1297 1741 1348 certe
1785 1299 1849 1349 ad

549 1426 585 1447 ‚,
617 1405 898 1437 commune
961 1388 1115 1437 decus
1165 1386 1386 1456 pertinet
1410 1425 1423 1445 ,
1481 1385 1748 1456 postquam
1793 1389 1847 1440 in

556 1518 594 1539 „
624 1498 723 1529 vna
748 1479 1014 1547 religionis
1044 1518 1057 1538 ‚
1105 1480 1154 1530 &
1195 1480 1312 1530 fidei
1338 1479 1548 1531 veritate
1589 1479 1847 1531 consenti-

545 1610 582 1631 „
615 1591 729 1623 mus
762 1611 775 1631 ,
800 1574 847 1622 &
877 1573 929 1622 in
959 1590 1075 1622 meo
1103 1573 1315 1624 consilio
1344 1573 1516 1623 sumus
1549 1574 1846 1640 permansu-

543 1700 580 1721 ‚,
611 1664 692 1721 ri,
739 1663 875 1730 quod
901 1662 1112 1711 firmum
1143 1700 1157 1721 ,
1209 1676 1361 1730 atque
1405 1660 1695 1712 absolutum
1742 1662 1839 1712 erit

553 1789 591 1811 ‚,
622 1770 743 1802 cum
765 1770 825 1801 eo
847 1790 859 1810 ‚
890 1753 977 1820 qui
1005 1752 1179 1802 Vtilius
1207 1751 1423 1801 eveniet.

653 1885 688 1906 „
721 1846 893 1896 DEVS
923 1847 1093 1913 itaque
1122 1846 1362 1896 desideria
1399 1844 1555 1895 vestra
1592 1844 1803 1913 impleat
1825 1877 1840 1901 ‚

541 1981 578 2004 9,
610 1943 756 2012 super
779 1942 1015 1994 laudibus
1045 1941 1163 1993 Iesu
1191 1940 1384 1992 Christi
1404 1979 1419 2001 ,
1459 1942 1509 1992 &
1539 1941 1640 1992 Dei
1670 1941 1841 1992 Patris

542 2076 579 2097 „
609 2037 762 2088 nostri
790 2076 802 2096 ,
833 2054 986 2105 quem
1008 2053 1190 2087 omnes
1213 2035 1421 2086 laudant
1440 2053 1529 2104 per
1548 2035 1723 2085 omnia
1749 2033 1840 2084 sae-

544 2171 580 2193 „
606 2133 738 2181 cula.
759 2131 825 2182 Et
842 2144 893 2180 tu
920 2168 933 2189 ,
978 2130 1211 2182 Domine
1259 2129 1411 2181 Pater
1445 2128 1657 2187 Sanfi‘te,
1690 2145 1837 2178 com-

542 2264 578 2286 „
608 2225 828 2294 pleSoere
857 2243 939 2274 me
962 2263 973 2280 .
1023 2243 1143 2274 cum
1181 2225 1425 2275 omnibus
1473 2221 1671 2272 Sancitis
1700 2219 1838 2272 'Iesu

541 2355 577 2378 ‚‚
604 2315 793 2365 Christi
818 2355 831 2374 ,
855 2317 942 2383 qui
965 2316 1079 2367 sunt
1113 2318 1295 2369 Romae
1320 2356 1333 2377 ,
1374 2319 1424 2368 &
1454 2314 1643 2386 pariter
1663 2314 1717 2364 in
1741 2314 1834 2364 hos

541 2446 577 2467 ‚,
605 2408 869 2475 amplexus
892 2409 1202 2476 recipiantur
1223 2429 1401 2460 omnes
1423 2407 1609 2460 incolae
1636 2426 1827 2476 regno-

541 2535 577 2556 „
607 2515 720 2547 rum
747 2513 983 2546 meorum
1006 2535 1017 2555 ‚
1058 2499 1106 2547 &
1134 2500 1219 2564 qui
1248 2499 1575 2568 AEthiopiam
1627 2494 1829 2547 inhabi-

544 2632 578 2652 ,‚
609 2605 716 2643 tant
746 2630 758 2650 ,
824 2593 871 2641 &
917 2590 1154 2640 reddatur
1207 2592 1368 2660 gratia
1417 2592 1656 2642 Domino
1712 2584 1828 2637 Iesu

542 2721 578 2743 ‚,
606 2680 939 2734 Christocum
964 2678 1138 2750 spiritu
1157 2679 1335 2731 vestro.
1361 2678 1473 2730 Has
1495 2697 1612 2730 vero
1633 2677 1828 2727 litteras

1693 2764 1818 2816 San-
