1931 3239
339 228 415 264 DE
444 224 639 263 REI-LO
671 223 1007 262 CAMBAICO
1054 230 1179 269 SEC.
1297 239 1402 291 309

157 346 310 406 caput
338 370 353 393 ,
381 334 484 384 iam
510 347 616 380 non
643 346 710 380 ex
733 330 887 401 longa
906 332 1285 403 intercapedine
1316 377 1329 398 ,
1359 341 1441 394 sed

159 429 220 479 de
243 424 510 494 proxim0‚
527 422 723 474 visurus
743 424 1047 494 effenQrod
1069 427 1101 477 si
1123 447 1211 498 per
1232 428 1441 499 suspici-

153 535 277 571 ones
302 536 332 568 a
355 515 616 585 colloquio
634 521 887 570 arceretur
912 558 925 580 ,
958 520 1124 589 ipsum
1145 535 1316 574 tamen
1348 544 1440 576 ex-

152 610 456 680 perimentis
501 611 830 679 cogniturum
867 651 880 672 ,
907 614 1044 682 quod
1088 614 1288 668 fortasse
1330 618 1437 669 iarn

154 701 438 769 persuaderi
460 720 564 752 non
586 703 768 772 poffet,
791 705 1007 768 scilicet,
1031 727 1186 777 quarn
1210 709 1445 762 sanetum

153 799 231 850 illi
260 799 316 850 s1t
340 837 354 858 ‚
386 816 442 850 ac
469 799 765 870 religiosum
807 804 884 854 ius
911 807 1094 858 veteris
1133 809 1400 861 amicitiae.

263 889 354 940 Ar
384 888 745 963 Mascaregnas
775 895 853 946 his
880 899 1083 949 nunciis
1110 900 1298 951 auditis
1324 939 1338 960 ,
1368 915 1446 953 ta-

155 982 300 1033 metfi
326 984 431 1036 doli
477 1005 581 1037 non
630 988 838 1058 ignarus
862 1029 877 1050 ,
929 993 1322 1048 diflimulatione
1366 1011 1446 1048 ta-

155 1094 279 1128 men
298 1097 392 1148 pro
413 1093 643 1150 tempore
670 1084 913 1135 Vtendum
941 1089 1212 1140 arbitratus
1235 1129 1249 1150 ,
1273 1090 1444 1142 Simo-

158 1189 279 1223 nem
309 1173 507 1226 Pheum
552 1177 720 1228 virum
767 1177 1005 1231 solertem
1032 1185 1444 1255 prudentemque

157 1265 220 1315 ad
246 1285 364 1318 eum
393 1287 483 1337 per
509 1269 731 1339 speciem
757 1274 1045 1342 gratulandi
1085 1279 1249 1331 mittit
1278 1319 1292 1341 ,
1324 1280 1443 1332 fibi-

159 1374 258 1425 que
284 1361 562 1414 aduentum
591 1365 698 1415 eius
724 1381 926 1436 gratum
955 1370 1048 1420 effe
1077 1408 1091 1430 ,
1137 1372 1446 1444 causamque

159 1457 290 1510 tanti
312 1455 533 1509 satellitii
562 1461 777 1527 probam
825 1463 982 1516 videri
1024 1468 1289 1519 renunciat
1317 1509 1332 1530 ,
1368 1472 1445 1524 se-

159 1571 258 1622 que
279 1570 413 1603 nune
439 1555 588 1605 auide
628 1557 868 1626 expeEtar
873 1577 898 1609 e
919 1597 934 1618 ,
988 1571 1040 1609 vt
1066 1560 1335 1616 defiderata
1362 1580 1444 1619 to-

159 1641 256 1691 ties
283 1641 630 1697 familiaritate
653 1686 666 1707 ,
720 1649 824 1700 iarn
852 1669 988 1702 nunc
1009 1653 1253 1723 deinceps
1276 1658 1445 1707 multo

159 1727 518 1801 frequentique
569 1735 696 1795 vsu,
727 1737 830 1790 sese
857 1742 1142 1811 explerent.
1187 1744 1444 1816 Sopharus

159 1824 427 1876 hominem
471 1829 746 1899 magnifice
788 1839 983 1906 excipit
1010 1877 1025 1898 ,
1067 1856 1447 1911 exceptumque

162 1932 284 1965 cum
305 1915 368 1966 iis
394 1921 648 1971 mandatis
681 1926 899 1976 remittit
929 1965 943 1986 ,
997 1929 1129 1978 vnde
1155 1931 1286 1981 nihil
1314 1951 1444 2000 prae-

163 2023 240 2061 ter
271 2011 441 2063 causas
485 2015 607 2066 belli
657 2017 891 2071 affectare
933 2023 1199 2075 videbatur
1233 2027 1323 2076 :in
1343 2026 1446 2079 foe-

163 2104 283 2155 dere
309 2106 402 2157 effe
418 2107 612 2161 scilicet
639 2149 652 2171 ‚
682 2115 818 2181 quod
841 2113 1147 2169 Mamudius
1169 2139 1288 2171 cum
1317 2121 1446 2173 Pro-

162 2216 281 2268 rege
331 2198 588 2254 Gratiano
613 2204 868 2258 Noronha
895 2209 1194 2276 percufferat
1225 2248 1238 2269 ‚
1283 2223 1337 2260 vt
1379 2211 1447 2261 li-

166 2306 304 2345 ceret
348 2314 559 2350 murum
586 2302 799 2353 excitari
826 2322 889 2355 ex
919 2304 1126 2356 aduerso
1153 2308 1283 2357 arcis
1316 2346 1331 2368 ,
1357 2309 1446 2377 qui

165 2386 380 2442 iniurias
404 2394 633 2448 militum
674 2399 1096 2467 praefidiariorurn
1140 2404 1202 2452 ab
1231 2402 1447 2470 oppida-

165 2482 252 2533 nis
297 2485 656 2544 intercluderet
687 2531 699 2552 ‚
729 2513 833 2565 quo
865 2495 1245 2565 quiescentibus
1278 2533 1293 2554 ,
1320 2494 1444 2543 hinc

165 2573 286 2628 inde
311 2579 510 2633 offensrs
539 2607 567 2645 ,’
606 2604 704 2656 pax
752 2589 887 2640 bona
923 2588 1213 2640 conseruari
1266 2586 1442 2659 posset·

163 2663 498 2736 Tentandam
524 2676 617 2731 effe
642 2680 852 2751 quidem
901 2684 1013 2736 eius
1038 2683 1175 2734 muri
1226 2681 1449 2732 aedifiea-

1315 2791 1417 2825 110-
