1931 3239
570 256 1015 297 HISPANIA
1343 264 1444 306 111

199 366 408 439 cognita
431 378 479 417 te
506 381 611 413 non
640 363 804 415 solum
837 364 1135 415 excusatum
1160 399 1174 421 ,
1205 361 1285 414 sed
1313 365 1479 434 ipsum

199 461 361 510 etiam
397 460 462 508 ob
492 454 743 525 insignem
787 455 896 506 eius
943 453 1291 505 temeritatem
1329 456 1481 523 plane

202 551 323 600 odio
361 550 575 599 habeam
606 584 620 606 ,
686 549 735 598 δε
780 547 1017 598 omnium
1078 544 1485 596 doetiffimorum

200 643 435 694 virorum
464 641 718 692 acerrimo
770 641 894 711 stylo
941 639 1376 710 perstringendum
1406 638 1486 688 iu·-

200 737 371 788 dicem
399 775 413 796 ,
438 737 530 805 qui
557 753 661 787 non
689 733 854 786 solum
876 734 936 784 de
961 734 1025 785 iis
1044 773 1057 794 ,
1080 752 1191 802 quae
1215 751 1319 784 non
1348 734 1488 784 vide-

203 831 276 882 rit
316 844 403 881 aut
431 844 670 899 expertus
707 828 764 880 sit
804 867 817 889 ,
864 831 933 881 ita
965 830 1273 881 audacter&
1297 843 1491 880 temere

200 923 256 974 in
283 923 547 991 publicum
569 921 791 992 proferat
819 962 832 984 ‚
863 924 942 975 sed
968 927 1126 976 etiam
1158 941 1214 973 ea
1239 962 1253 983 ,
1273 942 1387 991 quae
1415 925 1479 974 ad

206 1012 533 1066 sacrosanctae
582 1015 698 1066 fidei
746 1015 934 1068 -nostrae
979 1015 1395 1068 sustentationem
1442 1017 1494 1068 δε

218 1120 552 1176 augmentum
597 1108 885 1175 pertinent,
953 1110 1220 1160 adulterari
1264 1129 1366 1160 non
1406 1131 1493 1161 ve-

208 1211 398 1248 reatur.
443 1197 537 1247 Sed
592 1196 728 1246 vides
769 1198 817 1247 &
870 1198 973 1267 ipse
1008 1201 1275 1267 cognitum
1303 1201 1492 1260 habes,

211 1307 370 1360 quam
401 1287 633 1357 peruersa
666 1289 861 1358 aliquot
890 1292 1035 1340 annis
1064 1291 1255 1343 fuerint
1283 1293 1449 1343 secula
1475 1316 1487 1344 ε

206 1396 262 1432 vt
291 1383 477 1431 nedum
520 1381 685 1431 dicere
716 1419 729 1440 ,
783 1381 864 1431 sed
920 1384 1127 1452 &typis
1169 1386 1495 1439 committere

221 1474 417 1542 quaevis
445 1473 641 1525 somnia
664 1476 897 1526 nonnulli
921 1477 1019 1527 ausi
1046 1477 1157 1528 sint.
1194 1478 1338 1529 Deus
1359 1477 1492 1549 Opt.

212 1568 369 1620 Max.
414 1567 545 1618 faxit
570 1606 582 1626 ,
612 1582 663 1618 vt
688 1571 984 1637 propediem
1013 1572 1224 1621 meliora
1272 1572 1490 1641 sequan-

213 1671 315 1709 tur.
364 1655 615 1709 Ceterum
643 1659 781 1726 quod
823 1661 884 1709 ad
913 1660 1102 1711 librum
1132 1660 1490 1714 Lusitanicum

229 1754 415 1804 attinet
446 1791 460 1813 ‚
524 1753 694 1804 sedulo
745 1755 983 1823 equidem
1046 1756 1127 1824 egi
1196 1773 1316 1805 cum
1362 1756 1500 1806 Peu-

218 1845 419 1912 tingero
451 1881 464 1900 ,
511 1858 564 1893 vt
616 1846 744 1896 mihi
789 1847 897 1897 eius
921 1847 1126 1914 copiam
1155 1846 1344 1896 faceret
1374 1883 1388 1904 ,
1419 1846 1500 1896 id-

217 1954 319 2006 que
365 1937 571 1987 tandem
601 1938 876 2006 impetraui
906 1977 920 1998 ,
965 1958 1020 1989 ea
1044 1953 1216 1989 tamen
1244 1939 1504 1989 conditio-

213 2047 280 2081 ne
334 2047 397 2080 ne
439 2028 662 2096 cuipiam
729 2030 1037 2080 ostenderem
1062 2069 1074 2090 ,
1128 2050 1256 2082 neue
1293 2031 1501 2081 rescribi

212 2118 501 2188 quicquam
547 2135 776 2170 curarem
803 2140 813 2168 :
882 2121 1019 2188 quod
1078 2119 1191 2170 sane
1238 2120 1499 2191 pollicitus

215 2229 354 2264 eram
387 2249 399 2269 ,
421 2229 536 2261 eam
564 2210 722 2261 solam
755 2212 820 2260 ob
847 2211 1049 2261 causam
1083 2249 1095 2269 ,
1125 2225 1175 2261 vt
1205 2230 1357 2279 quem
1385 2227 1499 2262 tan-

211 2305 255 2356 ti
287 2303 504 2354 faciebat
548 2303 736 2354 librum
762 2319 865 2353 non
896 2303 1217 2353 intellee'mm
1251 2303 1498 2356 viderem.

216 2395 344 2448 Vidi
368 2435 382 2456 ‚
404 2397 452 2446 &
491 2413 614 2447 mox
645 2433 658 2454 ,
685 2407 737 2446 vt
758 2394 909 2446 fidem
940 2395 1178 2445 dederam
1212 2434 1226 2455 ,
1262 2414 1324 2446 ne
1351 2396 1501 2463 quid-

217 2504 378 2554 quam
407 2485 648 2555 suspicari
703 2485 843 2554 possit
865 2525 877 2545 ,
902 2485 1115 2537 restitui.
1158 2485 1335 2537 Nostri
1385 2485 1502 2553 opi-

213 2594 315 2628 nor
343 2579 617 2630 hominem
645 2618 657 2638 ‚
699 2581 1019 2649 decrepitum
1051 2618 1063 2639 ,
1092 2581 1410 2647 antiquitatis
1453 2580 1503 2628 δε

212 2674 431 2732 raritatis
467 2674 745 2731 studiosum
777 2715 791 2738 ,
848 2675 935 2746 qui
972 2677 1038 2727 ob
1073 2692 1187 2729 eam
1209 2673 1410 2726 causam
1436 2673 1502 2722 li-

1379 2764 1471 2817 bro
