1998 3272
686 308 896 348 VITA
1387 307 1430 346 V

213 440 445 502 disertos
474 437 739 498 homines
759 484 775 509 ,
802 438 862 496 δε
886 434 1140 494 eruditos
1174 436 1233 493 in
1257 433 1461 512 primis

212 546 410 605 coluit.
458 545 704 604 Muficae
754 558 949 600 autem
998 562 1030 598 a
1056 543 1302 621 pueritia
1354 543 1460 600 de-

208 647 400 718 ditus,
438 651 609 725 vique
635 667 701 704 eo
732 644 1076 703 Lufitanieae
1115 645 1303 723 gentis
1353 646 1466 706 ritu

208 753 518 823 excelluit,
563 767 625 810 vt
671 772 736 809 ea
771 765 1154 828 componeret
1181 796 1197 821 ‚
1235 769 1367 828 quae
1407 751 1467 810 in

207 855 444 931 templis
470 855 565 912 alii
590 852 1042 912 modularentur.
1070 851 1164 909 Sic
1193 853 1253 912 &
1274 853 1466 913 Athe..

206 954 428 1015 nienses
457 956 747 1015 Muficam
783 956 983 1014 litteris
1007 1001 1023 1024 ,
1051 976 1116 1013 ac
1144 956 1466 1033 gymnasti-

210 1074 298 1115 cae
326 1104 343 1128 ,
401 1060 793 1138 natationique
845 1058 1198 1117 coniunxiffe
1239 1059 1471 1137 accepi-

209 1177 375 1217 mus:
404 1179 508 1235 pro
533 1162 741 1238 quibus
762 1208 778 1232 ,
826 1183 856 1219 e
885 1161 1114 1238 palliata
1146 1160 1473 1230 comoedia,

210 1256 275 1314 in
325 1274 580 1339 togatam
621 1262 816 1319 retulit
841 1262 1146 1318 Terentius
1177 1260 1456 1317 Venatio-

211 1378 350 1417 nem
386 1363 446 1420 &
472 1362 902 1441 Philoiophiam
924 1409 940 1433 ‚
969 1363 1042 1420 ad
1084 1382 1262 1438 quam
1290 1363 1473 1420 libero

209 1461 408 1542 dignae
454 1464 690 1525 homine
736 1481 881 1522 artes
942 1465 1002 1523 δε
1047 1463 1276 1522 Mufica
1321 1467 1471 1525 refe.

207 1583 430 1628 tantur.

277 1672 428 1742 Quod
449 1672 666 1742 plerique
702 1693 853 1724 omncs
890 1672 1092 1743 faciunt
1118 1673 1473 1744 adolescentuli,

276 1766 342 1821 Vt
358 1768 568 1819 animum
589 1769 658 1817 ad
677 1767 871 1836 aliquod
861 1769 1081 1836 studium
1102 1767 1371 1835 adiungunt
1391 1805 1406 1826 ,

383 1874 470 1912 aut
500 1881 642 1930 equos

275 1949 444 2009 Alere,
474 1964 559 2002 aut
577 1971 712 2002 canes
733 1954 800 2001 ad
818 1955 1104 2010 venandum,
1135 1964 1218 2001 aut
1245 1955 1312 2001 ad
1330 1950 1456 2000 Phi-

383 2040 602 2111 lqsophOS.

253 2149 563 2209 MVSICAM
591 2165 782 2209 autem
824 2151 1135 2223 Damiani‚
1174 2152 1467 2232 popularis

214 2253 334 2311 eius
385 2252 642 2311 Andreas
687 2253 1000 2312 Resendius
1057 2300 1073 2325 ,
1128 2272 1297 2332 poeta
1349 2256 1468 2314 eius

214 2357 327 2416 aeui
365 2376 482 2415 non
519 2357 787 2438 ignobilis
817 2404 832 2428 ‚
880 2358 1192 2417 celebrauit
1223 2358 1332 2418 hoe
1375 2362 1503 2441 epi..

213 2474 555 2536 grammate.

278 2565 420 2635 Elige
455 2578 560 2619 utro
578 2569 730 2620 mauis
771 2569 938 2621 horum
973 2582 1018 2620 te
1044 2572 1225 2622 mmine
1272 2571 1372 2621 dici
1392 2593 1415 2628 ‚⁶

278 2661 353 2714 An
380 2663 555 2716 Phaebi
593 2687 655 2719 an
697 2667 880 2738 Orphei
899 2690 921 2725 ,·
946 2647 1111 2720 ‘dulcis
1139 2682 1336 2738 vterque

385 2760 550 2816 modis.

1347 2852 1446 2905 Aut
