1998 3256
560 305 598 354 4
813 306 1165 343 OLISIPONIS
1210 307 1573 347 DESCRIPTIO

526 408 794 475 nophonte
835 409 1185 478 Lampsaceno
1220 452 1232 473 ,
1269 415 1318 463 ὃς
1345 413 1553 482 Nepote
1592 413 1797 466 Corne-

526 503 599 554 lio
631 541 643 561 ,
681 506 742 554 de
772 504 1031 556 Hannone
1058 508 1339 559 Poenorum
1383 510 1524 580 Rege
1552 551 1566 572 ,
1599 515 1648 565 &
1689 512 1796 562 Eu-

528 598 667 648 doxo
699 637 711 656 ,
759 598 1094 667 aliisque,qui
1137 601 1233 650 hoc
1273 618 1411 652 mare
1438 604 1752 670 experientia
1790 641 1803 662 ,

533 686 616 738 seu
666 690 824 741 relatu
861 691 1149 760 nauigabile
1197 693 1434 754 tradunt,
1484 693 1798 756 scribentes,

528 778 677 831 huius
704 783 900 833 itineris
927 785 1167 836 notitiam
1201 787 1331 838 olim
1377 784 1520 836 fuisse
1548 824 1562 845 ,
1608 798 1802 838 totum«

532 887 630 935 que
658 873 721 921 ab
752 870 895 924 Indis
949 876 1012 925 ad
1038 874 1318 927 Herculeas
1368 877 1634 929 columnas
1660 893 1805 947 pate„

533 962 729 1015 sedium
753 1003 767 1025 ,
811 969 1046 1037 cultaque
1070 970 1179 1021 eius
1219 970 1370 1021 litora
1405 970 1496 1021 effe
1540 971 1807 1029 testentur,

528 1075 587 1107 ae
619 1056 819 1128 insuper
849 1060 1153 1113 testimoniis
1197 1063 1525 1124 confirment,
1568 1061 1637 1114 C.
1674 1062 1796 1114 Cae-

529 1149 633 1201 sare
678 1152 892 1222 Augusti
920 1155 1029 1207 filio
1076 1158 1133 1208 in
1160 1156 1384 1209 Arabico
1419 1159 1526 1208 sinu
1555 1156 1805 1208 constitu-

528 1255 583 1292 to
612 1279 626 1300 ‚
685 1243 1051 1312 Hispaniarum
1092 1251 1306 1299 nauium
1367 1247 1635 1317 naufragio
1700 1249 1806 1300 eie-

529 1335 636 1386 &as
677 1337 1082 1408 fragmentorum
1115 1339 1354 1409 reliquias
1387 1341 1680 1411 apparuifl'e.
1741 1343 1807 1394 In

532 1447 633 1497 qua
678 1431 888 1498 quidem
938 1429 1185 1481 sententia
1235 1427 1534 1478 Herodotus
1586 1428 1808 1479 eximius

540 1524 908 1595 antiquitatum
960 1525 1222 1593 indagator
1281 1521 1496 1573 Graecos
1534 1521 1676 1572 fuiffe
1731 1520 1811 1572 as-

533 1615 650 1668 serit
672 1657 685 1678 ,
731 1619 816 1686 qui
841 1635 978 1667 mare
997 1655 1012 1676 ,
1040 1618 1174 1684 quod
1195 1625 1338 1664 extra
1364 1613 1632 1664 columnas
1658 1630 1810 1663 voca-

533 1724 616 1762 tur
642 1711 999 1763 Athlanticum
1018 1749 1031 1770 ,
1057 1713 1106 1761 &
1139 1709 1400 1766 Rubrum,
1425 1707 1561 1756 idem
1583 1705 1674 1755 effe
1699 1721 1811 1754 ma-

535 1826 588 1858 re
617 1826 707 1876 pro
738 1820 876 1858 certo
917 1807 1188 1857 affirmant.
1233 1802 1405 1872 Atque
1446 1799 1570 1852 alibi
1598 1799 1770 1851 Graeci
1795 1836 1810 1858 ,

539 1896 711 1964 inquit
734 1936 745 1956 ,
798 1897 885 1965 qui
935 1897 1161 1947 Pontum
1210 1893 1442 1945 incolunt
1473 1932 1487 1954 ,
1535 1890 1813 1943 Oceanum

539 1988 798 2039 confluere
855 2003 1041 2040 terram
1063 2028 1078 2050 ‚
1124 2007 1215 2059 pro
1266 1999 1533 2055 comperto
1596 1984 1807 2037 habent.

539 2074 880 2129 Postmodum
934 2095 996 2129 ex
1045 2077 1381 2131 vetustisfimis
1443 2075 1816 2146 Aegyptiorum

548 2171 818 2221 annalibus
846 2211 861 2231 ,
883 2173 989 2223 haec
1018 2173 1188 2240 prodit
1212 2151 1439 2243 ,nempe
1466 2170 1675 2222 Necum
1694 2167 1814 2236 ipsi-

542 2284 601 2315 us
623 2266 787 2335 gentis
825 2283 994 2335 regem
1016 2302 1029 2323 ‚
1060 2268 1571 2336 cumadeprimenda
1600 2265 1720 2317 foffa
1745 2301 1756 2321 ‚
1785 2280 1816 2313 a

544 2361 681 2412 Nilo
712 2361 772 2410 ad
790 2359 1071 2413 Arabicum
1093 2363 1255 2413 sinum
1283 2361 1534 2413 destitisset
1554 2399 1567 2420 ‚
1597 2358 1814 2411 nauibus

547 2457 1082 2529 quosdamPhaenices
1105 2455 1282 2508 mififfe
1312 2493 1326 2513 ,
1346 2474 1472 2522 quos
1499 2454 1648 2513 iuffit,
1676 2448 1817 2500 Her-

550 2555 678 2604 culis
704 2553 960 2604 columnis
989 2552 1232 2621 superatis
1265 2589 1279 2610 ,
1324 2552 1384 2600 ad
1413 2541 1818 2618 Septentrionale

550 2649 704 2718 vsque
745 2669 883 2700 mare
909 2662 1170 2719 penetrare
1203 2685 1215 2704 ,
1252 2658 1401 2713 atque
1422 2643 1537 2693 inde
1564 2642 1617 2691 in
1655 2633 1815 2702 Aegi-

551 2759 700 2815 ptum
725 2743 926 2798 cursum
952 2742 1135 2795 facere.
1161 2739 1269 2811 Qu
1298 2756 1325 2790 e
1353 2736 1481 2788 mari
1507 2732 1686 2785 Rubro
1714 2727 1815 2776 [οἶα

1659 2837 1780 2872 ven<
