1965 3256
586 252 692 309 130
1008 250 1292 289 nAmrAm
1343 252 1383 290 A
1423 251 1571 291 cons

557 357 624 411 do
649 354 859 425 puluere
892 394 906 416 ‚
927 356 1321 409 &incendiariis
1349 358 1555 409 funibus
1586 396 1600 418 ‚
1629 357 1819 428 quibus

555 449 794 501 flammas
839 451 1131 502 bombardis
1176 452 1415 502 iniiciunt
1442 489 1459 512 ,
1509 452 1820 505 elittoribus

552 543 778 597 soluunt.

662 638 878 689 Pmmss
908 658 1025 690 vero
1058 638 1244 690 Nonas
1268 633 1514 688 OEtobris
1539 639 1706 689 acrius
1741 639 1822 690 so-

552 732 649 784 lito
675 733 868 785 Turcae
905 753 1071 785 arcem
1100 750 1458 802 oppugnauere
1500 770 1514 791 ‚
1552 746 1684 785 terra
1710 752 1823 784 ma-

554 824 701 892 rique
740 826 979 893 operibus
1018 829 1067 878 &
1109 825 1359 877 machinis
1408 825 1628 893 vndique
1677 828 1823 876 inua-

556 911 729 965 dentes
761 952 775 974 ,
805 935 915 983 quae
968 903 1141 986 pugna
1185 916 1338 984 vsque
1391 916 1451 964 ad
1493 917 1825 985 trigeffimum

557 1008 668 1057 eius
696 1007 880 1060 mensis
907 1008 1043 1058 diem
1063 1008 1256 1077 semper
1282 1009 1443 1076 magis
1468 1008 1726 1076 magisque
1749 1028 1826 1060 re-

558 1099 763 1153 cruduit
794 1135 807 1156 ,
854 1098 1082 1166 nihilque
1134 1100 1411 1150 laxamenti
1439 1102 1615 1150 datum
1652 1100 1820 1151 obses-

564 1187 626 1237 sis
653 1224 666 1244 ,
712 1187 793 1237 sed
821 1186 996 1238 noCtes
1035 1188 1084 1237 ἃ
1109 1188 1214 1237 dies
1243 1191 1538 1240 continuata
1560 1208 1828 1260 oppugna-

561 1285 636 1338 tio
689 1280 757 1333 est
786 1317 800 1340 ,
855 1298 945 1331 nec
995 1280 1095 1330 ulla
1141 1280 1333 1331 transiit
1378 1280 1484 1331 dies
1513 1319 1528 1340 ,
1578 1300 1678 1350 qua
1721 1302 1826 1336 non

560 1372 726 1428 hostes
776 1371 827 1420 in
873 1388 1044 1421 arcem
1088 1372 1478 1422 exonerauerint
1524 1374 1827 1436 trecenties,

559 1467 640 1520 vel
665 1463 1075 1533 quadringenties
1096 1462 1180 1514 sua
1207 1465 1389 1514 bellica
1412 1477 1684 1517 tormenta.
1717 1464 1829 1516 Ad-

561 1567 669 1617 haec
690 1560 898 1628 singulis
941 1559 1118 1608 diebus
1162 1558 1352 1608 nostros
1402 1571 1544 1609 extra
1569 1578 1738 1610 arcem
1767 1561 1828 1610 ad

561 1669 787 1723 pugnam
829 1650 1193 1719 prouocabant.
1224 1648 1397 1700 Nostri
1425 1667 1719 1717 quanquam
1738 1669 1834 1701 nu·

571 1763 717 1795 mero
746 1743 911 1795 multo
941 1741 1204 1792 inferiores
1232 1754 1371 1792 erant
1399 1780 1412 1800 ,
1440 1742 1625 1793 virtute
1662 1744 1835 1796 tamen

566 1852 654 1884 eos
677 1834 905 1902 superare
933 1833 1225 1883 nitebantur
1253 1853 1264 1882 ε
1291 1831 1461 1882 rursus
1481 1851 1538 1884 ac
1564 1833 1730 1884 rursus
1750 1854 1837 1904 per

572 1929 704 1978 arcis
745 1925 1000 1979 anstasius
1032 1963 1045 1984 ,
1093 1926 1153 1976 ad
1195 1925 1388 1977 vallum
1416 1963 1431 1985 ,
1480 1927 1531 1977 &
1568 1926 1628 1978 ad
1655 1945 1834 1978 eorum

571 2036 737 2072 turres
760 2023 915 2092 vsque
932 2021 1198 2073 exilientes
1229 2058 1243 2079 ‚
1286 2020 1538 2071 cuniculis
1560 2039 1646 2071 eos
1673 2038 1838 2089 oppu-

575 2120 799 2187 gnabant
831 2156 845 2178 ,
908 2119 1159 2187 plurimos
1209 2114 1590 2166 interficientes.
1637 2112 1837 2164 Interea

571 2210 820 2279 temporis
871 2227 931 2259 ex
961 2209 1141 2260 assidua
1167 2219 1541 2257 tormentorum
1570 2201 1835 2256 iaculatio-

569 2322 671 2360 ne,
724 2318 903 2351 omnes
950 2300 1078 2350 arcis
1129 2299 1300 2368 pinnae
1326 2298 1645 2365 turriumque
1671 2294 1832 2345 colla-

569 2401 760 2449 buntur
787 2433 801 2454 ,
863 2395 933 2442 ita
975 2407 1026 2443 vt
1072 2392 1250 2444 nostris
1301 2391 1512 2459 superne
1549 2391 1690 2442 locus
1734 2405 1839 2438 non

573 2494 688 2545 effet
713 2529 724 2550 ,
764 2489 894 2539 vnde
917 2500 1027 2537 tuto
1070 2489 1124 2536 in
1151 2481 1314 2536 hoste's
1341 2486 1560 2536 iacerent
1608 2484 1798 2552 lapides
1817 2515 1830 2536 2

573 2590 711 2661 pila,
753 2584 948 2649 aliaque
974 2581 1090 2630 tela.
1137 2580 1310 2630 Postea
1327 2599 1444 2629 vero
1490 2577 1594 2630 una
1642 2597 1705 2629 ex
1725 2594 1838 2627 arce

578 2679 733 2738 turris
758 2675 820 2728 ad
846 2675 1011 2725 imum
1055 2669 1207 2740 vsque
1239 2669 1466 2722 concidit
1492 2709 1509 2730 ,
1556 2686 1654 2738 qua
1699 2677 1839 2735 parte

1688 2776 1806 2811 cum
