1931 3239
518 235 983 280 HISPANIA
1271 234 1343 292 77

175 347 409 426 Erasmus
438 347 596 419 insuo
627 345 761 397 Cice·
860 342 986 395 ticus
1013 377 1029 399 ‚
1095 339 1152 391 ὅ
1206 339 1384 388 variae

172 446 360 498 roniano
389 439 620 492 meminit.
843 430 1131 485 eruditionis
1159 430 1246 480 vir
1274 466 1287 486 ‚
1327 438 1384 477 vt

107 531 402 590 Laurentius
440 550 470 580 a
498 529 701 580 Caceres
852 523 1088 594 Erasmus
1122 521 1169 571 in
1178 520 1272 593 suo
1298 515 1386 568 Ci-

166 623 424 693 Lzfitanus
465 658 480 681 ‚
546 620 699 672 Poeta
845 615 1092 666 ceroniano
1142 616 1365 681 testatur.

168 718 226 767 δ’
247 713 335 764 vir
352 731 440 762 non
467 710 696 779 vulgari-
769 708 849 762 D.
906 708 1108 780 Gassias
1171 704 1307 775 Laffo
1353 720 1384 752 a

168 816 244 855 ter
279 803 519 853 eruditusa
852 800 1021 860 Veza,
1074 800 1228 852 Poeta
1274 795 1389 864 insi*

102 895 307 949 Ioannes
329 899 386 947 de
404 895 558 947 Mena
586 894 713 945 Poe—
853 895 986 964 gnis.

175 1003 247 1042 ta.
795 988 1025 1060 Alfonsus
1097 984 1346 1055 Veruqfius

102 1086 163 1140 C.
233 1085 387 1137 Iulius
428 1084 670 1151 Higinus‚
819 1083 1078 1154 Episcopus
1099 1079 1381 1133 Canarien-

174 1178 381 1248 Augusti
453 1176 651 1226 libertus
697 1214 710 1234 ,
840 1178 915 1248 fis
939 1214 952 1234 ‚
993 1175 1253 1240 Theologus
1283 1171 1395 1241 inst*

177 1268 540 1321 Grammaticus
603 1266 714 1336 ἐρβ-
853 1267 984 1334 gnis;

171 1365 303 1432 gnis.
796 1359 1033 1430 Gomqfius
1071 1357 1261 1427 peritus
1315 1355 1396 1405 iu-

106 1455 340 1508 Antmius
369 1455 696 1528 Nebrtffetfis,
844 1454 914 1503 ris
963 1490 975 1510 ,
1002 1447 1390 1521 scrt'ps‘ltisupt’r

177 1547 377 1598 eximius
451 1549 711 1599 Gramma·
859 1545 1099 1614 instituta.

212 1729 288 1782 Hi
313 1749 494 1782 omnes
519 1746 699 1801 praeter
722 1732 849 1782 alios
878 1727 1157 1780 nonnullos
1190 1766 1203 1788 ‚
1233 1743 1388 1796 quos5

109 1837 228 1872 cum
254 1821 416 1871 adhuc
435 1823 610 1872 vitiant
643 1856 657 1881 ,
695 1819 893 1870 silentio
945 1831 1190 1886 przetereo
1221 1848 1235 1876 ,
1266 1816 1394 1866 His-

110 1912 226 1979 pani
254 1910 431 1961 fuere:
473 1931 536 1962 ex
578 1932 680 1980 quo
725 1925 931 1982 apparet
956 1948 968 1968 ,
998 1909 1241 1960 nostrates
1288 1925 1398 1957 non

112 2016 218 2052 tam
263 2000 542 2051 infeliciter
587 2001 777 2052 discere
807 2037 820 2059 ,
872 2017 964 2049 nec
1009 1998 1308 2050 verbositate
1353 1998 1404 2046 δε

113 2091 432 2143 simulatione
480 2093 783 2162 sapientiam
822 2093 1068 2144 ostentare
1098 2128 1113 2152 ,
1165 2092 1248 2143 vel
1293 2104 1402 2141 tam

113 2188 290 2239 multis
313 2191 612 2240 nominibus
638 2191 687 2240 δε
717 2188 1179 2241 consuetudinibus
1207 2189 1398 2240 barba-

115 2279 243 2329 riem
272 2280 437 2330 colere
468 2318 482 2339 ,
526 2298 682 2348 quam
712 2279 892 2330 Munst
895 2300 1010 2332 erus
1038 2283 1091 2333 in
1114 2282 1204 2332 suo
1258 2296 1396 2330 nouo

117 2365 399 2424 Ptolemaeo
446 2374 688 2443 praedicat
719 2411 733 2432 ,
786 2374 875 2424 ubi
927 2375 988 2425 ad
1036 2376 1388 2428 imitationem

117 2458 379 2517 cuiusdam
424 2465 702 2517 Michaelis
732 2464 1067 2519 Villanouani
1099 2507 1114 2528 ‚
1162 2467 1395 2518 hominis

118 2548 255 2608 mihi
283 2558 534 2627 incogniti
581 2559 631 2609 δε
659 2557 752 2607 hac
779 2557 834 2607 in
861 2576 913 2608 re
938 2577 1041 2609 non
1076 2557 1405 2609 mediocriter

117 2653 239 2724 lapfi
267 2688 283 2711 ‚
347 2650 698 2722 Hispanorum
733 2651 783 2700 &
810 2648 1086 2703 Gallorum
1137 2665 1403 2715 compara-

652 2738 706 2793 G
736 2755 766 2794 2
1267 2737 1370 2785 tio-
