1965 3256
571 224 668 291 146
971 240 1252 277 DAMrAm
1301 241 1340 277 A
1380 240 1526 278 coss

531 346 605 394 tio
627 352 899 393 tentaretur
922 379 933 400 ,
964 347 1166 394 tandem
1189 345 1332 395 finita
1366 345 1628 396 saltatione
1654 345 1794 396 iuraa

531 449 640 486 tum
667 433 734 484 est
760 432 806 483 se
835 434 886 485 in
912 433 1147 503 proxima
1188 435 1519 486 dimicatione
1557 453 1614 485 ea
1639 434 1796 485 obsti-

533 525 737 574 natione
764 528 1050 576 animorum
1079 540 1387 594 pugnaturos
1418 565 1432 585 ,
1481 540 1528 577 vt
1555 527 1590 577 fi
1616 526 1796 578 Turca.

456 633 459 638 ·
531 617 647 667 loco
680 618 926 684 potiretur
953 655 967 678 ,
1018 636 1121 669 non
1148 633 1292 670 antea
1317 619 1572 688 pugnandi
1601 656 1615 678 ,
1644 637 1798 687 quam

528 710 731 763 viuendi
792 713 945 762 finem
995 712 1215 764 faE'turos
1243 752 1257 772 ‚
1285 731 1376 765 nec
1423 729 1644 781 vnquam
1688 710 1800 778 pas-

531 806 669 857 suros
690 845 704 867 ,
756 820 805 858 vt
855 808 957 858 viui
1011 809 1062 858 in
1108 808 1327 860 hostiurn
1378 806 1671 878 potestatem
1714 824 1801 856 ve-

530 899 699 949 nirent
725 936 738 957 ,
774 900 993 949 caedibus
1057 900 1105 950 &
1131 899 1371 969 stragibus
1426 899 1675 949 vltionem
1703 895 1802 947 suae

534 992 715 1043 mortis
757 993 1007 1061 petituros
1038 1029 1051 1050 ,
1097 1010 1311 1058 eamque
1339 992 1606 1041 x¹i8toria1n
1647 989 1804 1039 hosti-

534 1084 625 1132 bus
648 1083 1054 1134 luctuofiiiimam
1125 1082 1346 1133 futuram
1377 1121 1392 1140 ,
1422 1101 1523 1133 non
1567 1083 1703 1132 enim
1756 1081 1806 1132 se

533 1176 587 1224 in
615 1174 754 1242 spem
782 1176 896 1228 vitae
925 1215 939 1236 ‚
979 1176 1059 1226 sed
1080 1178 1141 1226 ad
1160 1167 1440 1227 vindictam
1473 1177 1652 1226 mortis
1692 1192 1806 1225 cer-

531 1279 743 1318 taturos.
791 1267 1007 1319 Interim
1031 1268 1207 1319 nostris
1249 1269 1302 1318 in
1343 1269 1630 1320 huiusmodi
1658 1267 1807 1318 salta-

533 1360 761 1413 tionibus
799 1400 814 1422 ‚
851 1365 900 1414 ἃ*
926 1364 1192 1414 cantilenis
1224 1364 1483 1432 impeditis
1505 1404 1518 1424 ,
1551 1365 1676 1417 Dux
1698 1385 1809 1418 cer-

533 1454 601 1505 tis
627 1456 922 1507 hominibus
959 1496 971 1517 ,
995 1458 1178 1526 quibus
1201 1460 1426 1509 maxime
1454 1459 1643 1510 fidebat
1669 1498 1681 1518 ,
1705 1460 1807 1510 ius-

535 1550 593 1601 sit
618 1565 669 1601 vt
693 1571 756 1602 ex
780 1555 1049 1604 tormentis
1097 1555 1369 1604 maritimae
1411 1553 1542 1620 parti
1569 1553 1805 1604 adiacen-

537 1647 672 1695 tibus
704 1685 717 1704 ,
744 1649 826 1697 vbi
879 1647 1074 1716 semper
1100 1650 1270 1698 minus
1299 1649 1316 1716 (
1343 1650 1531 1717 quippe
1558 1648 1686 1698 latus
1738 1642 1804 1693 il-

538 1738 625 1787 lud
660 1751 833 1789 natura
880 1753 985 1790 erat
1013 1740 1316 1808 munitum)
1364 1740 1667 1791 imminebat
1720 1753 1809 1803 pe-

540 1826 711 1884 riculi,
740 1828 907 1897 puluis
934 1828 1257 1888 adimeretur,
1287 1844 1340 1882 vt
1365 1848 1429 1880 ex
1456 1830 1547 1880 illo
1573 1843 1726 1894 cupas
1751 1841 1813 1874 ac

539 1919 719 1987 globos
745 1919 921 1988 igneos
953 1920 1253 1988 impelerent
1286 1958 1298 1981 ,
1344 1939 1445 1990 quo
1477 1921 1531 1971 in
1559 1919 1812 1986 sequentis

541 2011 640 2060 diei
693 2012 1081 2064 dimicationem
1134 2028 1326 2081 partem
1376 2029 1488 2063 eam
1521 2047 1534 2070 ,
1579 2027 1679 2077 qua
1720 2025 1811 2058 arx

541 2113 723 2151 terram
749 2101 938 2169 speciat
959 2140 973 2162 ,
1002 2103 1333 2153 munitiorem
1355 2100 1696 2166 tutioremque
1722 2096 1814 2146 ha-

545 2197 738 2246 berent.
783 2194 948 2247 Omni
978 2199 1082 2248 iam
1132 2198 1386 2248 maiorum
1437 2204 1815 2244 tormentorum

545 2287 754 2354 puiuere
804 2291 1041 2339 carebant
1070 2327 1083 2348 ,
1131 2281 1314 2357 ¹praeter
1374 2303 1493 2337 eum
1522 2323 1536 2344 ‚
1587 2299 1816 2352 quocum

546 2391 801 2429 tormenta
852 2379 1089 2430 instrueta
1133 2392 1310 2437 erant,
1360 2396 1462 2446 quo
1509 2373 1813 2433 deficiente,

545 2471 687 2522 nulla
737 2471 954 2538 amplius
1006 2470 1112 2538 spes
1139 2470 1440 2520 defensionis
1492 2480 1619 2518 erat.
1662 2465 1814 2516 Hanc

547 2562 772 2631 pulueris
812 2560 1079 2627 penuriam
1127 2559 1252 2610 Dux
1303 2558 1563 2609 Antonius
1612 2554 1807 2620 semper

549 2669 702 2722 penes
730 2649 777 2703 se
805 2646 1043 2705 secretam
1072 2650 1246 2703 habuit
1267 2686 1281 2711 ‚
1312 2648 1615 2718 paucissimis
1662 2659 1815 2694 exce-

1630 2736 1728 2806 ptis
1758 2771 1773 2793 ,
