1965 3256
605 217 706 271 260
948 231 1234 268 DAMIANJ
1265 231 1304 266 A
1336 230 1488 265 Gosss

567 339 690 389 alias
733 338 987 389 orationes
1017 376 1030 397 ,
1076 337 1285 389 initium
1329 334 1596 404 Euangelii
1645 333 1856 388 Ioannis

567 436 787 486 dicimus
819 472 831 491 .
859 436 907 485 δε
934 434 1170 504 sequente
1196 434 1304 492 die,
1331 451 1358 482 a
1387 431 1582 500 sepulto
1607 445 1810 483 mortuo
1844 467 1860 491 ,

572 531 900 582 eleemosinas
954 549 1044 600 pro
1070 531 1141 579 eis
1169 529 1452 579 offerimus,
1488 527 1549 578 Id
1577 529 1731 578 etiam
1759 545 1857 595 po-

566 621 663 673 stea
688 621 928 681 facimus,
955 621 1104 671 certis
1131 620 1309 670 diebus
1335 657 1347 678 ,
1391 619 1443 668 in
1472 618 1659 685 quibus
1685 617 1860 670 omni-

570 718 665 766 bus
716 714 879 782 epulis
905 713 1204 763 funebribus
1257 711 1604 779 indulgemus.

746 806 834 857 DE
864 806 962 855 fide
999 823 1055 855 ac
1103 804 1374 873 Religione
1402 802 1564 853 nostra
1605 800 1857 850 diximus.

565 896 727 947 Nunc
798 913 914 944 vero
976 893 1221 961 quoniam
1291 891 1556 962 postquam
1608 892 1659 941 in
1712 891 1860 941 Lusi-

568 985 765 1036 taniam
815 985 1051 1033 venimus
1083 1020 1096 1040 ,
1149 984 1350 1032 crebras
1389 983 1751 1052 disputationes
1802 1001 1859 1033 ac

568 1073 928 1126 contentiones
980 1090 1100 1121 cum
1153 1070 1473 1122 DoE’oeribus
1513 1071 1814 1140 quibusdam
1843 1107 1859 1130 ,

571 1165 851 1234 praesertim
904 1182 1023 1214 cum
1077 1164 1327 1234 magistris
1404 1164 1580 1217 nostris
1660 1165 1864 1216 Didaco

570 1258 781 1328 Ortisyo
811 1297 824 1317 ,
884 1256 1143 1328 Episcopo
1187 1258 1363 1309 insulae
1391 1259 1442 1310 S.
1488 1260 1714 1312 Thomae
1744 1298 1757 1319 ‚
1786 1272 1865 1310 at-

569 1372 667 1422 que
695 1351 852 1421 Regis
883 1351 1060 1402 Sacelii
1094 1352 1308 1403 Decano
1335 1390 1349 1412 ,
1376 1354 1426 1404 &
1453 1353 1604 1404 Petro
1649 1351 1863 1421 Marga-

567 1447 655 1496 lho
687 1483 700 1502 ,
742 1444 802 1493 de
829 1442 1026 1493 deieem
1050 1446 1284 1494 ciborum
1313 1443 1586 1495 habuimus
1620 1482 1634 1504 ,
1681 1443 1742 1492 de
1768 1442 1863 1490 hac

570 1556 621 1588 re
649 1536 843 1603 aliquid
871 1536 1038 1586 dicere
1066 1554 1168 1585 non
1198 1536 1293 1586 erit
1338 1537 1700 1605 incongruum.
1752 1533 1864 1584 Pri-

572 1648 718 1680 mum
762 1629 1022 1679 sciendum
1051 1630 1117 1680 est
1153 1649 1246 1680 nos
1290 1649 1353 1681 ex
1393 1631 1547 1681 veteri
1595 1629 1865 1680 testamen-

571 1738 624 1775 to
677 1725 934 1774 delectum
984 1726 1217 1775 ciborum
1267 1726 1461 1776 seruare
1513 1765 1527 1783 ‚
1577 1726 1663 1794 qui
1726 1724 1863 1775 dele-

575 1818 698 1867 &us-
745 1817 805 1865 ab
857 1816 964 1885 ipso
1015 1817 1186 1868 Verbo
1239 1818 1341 1870 Dei
1388 1819 1686 1870 constitutus
1735 1817 1802 1867 est
1847 1853 1863 1875 ,

577 1915 716 1982 quod
770 1914 1003 1966 Verbum
1049 1917 1216 1986 postea
1242 1933 1420 1969 natum
1462 1918 1530 1969 est
1576 1936 1639 1968 ex
1690 1916 1866 1967 Maria

577 2006 791 2077 Virgine
823 2046 835 2064 ‚
884 2011 932 2060 &
975 2012 1256 2062 ambulauit
1281 2051 1295 2072 ,
1324 2026 1476 2082 atque
1516 2011 1772 2063 versatum
1797 2012 1865 2063 est

568 2118 690 2149 cum
718 2099 816 2150 suis
844 2099 1120 2172 Apostolis.
1174 2104 1235 2155 Id
1262 2123 1465 2174 quoque
1494 2103 1726 2156 Verbum
1758 2104 1865 2155 Dei

568 2190 764 2259 semper
789 2193 964 2245 vivum
994 2233 1008 2254 ‚
1059 2196 1315 2267 integrum
1347 2237 1362 2259 ,
1413 2198 1720 2249 inuiolatum
1762 2196 1865 2247 ser-

569 2304 778 2337 monem
814 2327 826 2347 ,
870 2309 926 2340 ac
955 2294 1170 2344 verbum
1213 2296 1413 2348 habuit.
1456 2294 1574 2347 Nec
1626 2294 1675 2344 id
1723 2291 1863 2361 quod

567 2377 694 2429 oiim
735 2394 799 2426 ex
851 2379 1183 2438 immunditia
1231 2389 1498 2455 prohibuit
1537 2386 1807 2440 comedere
1838 2419 1854 2440 ³

571 2469 737 2539 postea
766 2470 818 2519 in
846 2471 1017 2541 aliquo
1059 2478 1130 2528 sui
1157 2482 1428 2553 Euangelii
1465 2486 1583 2535 loco
1603 2481 1736 2532 dixit
1769 2475 1865 2527 effe

573 2563 968 2616 comedendum.
1016 2567 1077 2618 Id
1127 2591 1244 2623 vero
1291 2577 1427 2644 quod
1474 2578 1528 2627 in
1578 2565 1864 2636 Euangelio

573 2654 643 2705 ait
678 2675 688 2704 τ
733 2657 880 2726 ,Qued
910 2671 1001 2727 per
1047 2681 1094 2711 os
1131 2663 1288 2716 intrat
1312 2701 1332 2726 ,
1378 2666 1606 2717 hominem
1652 2677 1740 2712 non
1787 2674 1865 2705 co-

1751 2763 1833 2794 m-
