<?xml version="1.0" encoding="UTF-8"?>
<!DOCTYPE html PUBLIC "-//W3C//DTD XHTML 1.0 Transitional//EN"
    "http://www.w3.org/TR/xhtml1/DTD/xhtml1-transitional.dtd">
<html xmlns="http://www.w3.org/1999/xhtml" xml:lang="en" lang="en">
 <head>
  <title>
</title>
<meta http-equiv="Content-Type" content="text/html;charset=utf-8" />
  <meta name='ocr-system' content='tesseract 3.04.00' />
  <meta name='ocr-capabilities' content='ocr_page ocr_carea ocr_par ocr_line ocrx_word'/>
</head>
<body>
  <div class='ocr_page' id='page_1' title='image "./damianigoesopusc00gi_0295.png"; bbox 0 0 1931 3239; ppageno 0'>
   <div class='ocr_carea' id='block_1_1' title="bbox 154 193 1406 246">
    <p class='ocr_par' dir='ltr' id='par_1_1' title="bbox 154 193 1406 246">
     <span class='ocr_line' id='line_1_1' title="bbox 154 193 1406 246; baseline 0.001 -8"><span class='ocrx_word' id='word_1_1' title='bbox 154 199 329 239; x_wconf 68' lang='lat' dir='ltr'>rmns</span> <span class='ocrx_word' id='word_1_2' title='bbox 358 195 607 236; x_wconf 67' lang='lat' dir='ltr'>nmero</span> <span class='ocrx_word' id='word_1_3' title='bbox 639 194 915 244; x_wconf 73' lang='lat' dir='ltr'>MORESQ</span> <span class='ocrx_word' id='word_1_4' title='bbox 942 197 1236 239; x_wconf 62' lang='lat' dir='ltr'>Ani-moe.</span> <span class='ocrx_word' id='word_1_5' title='bbox 1311 193 1406 246; x_wconf 84' lang='lat'>261</span> 
     </span>
    </p>
   </div>
   <div class='ocr_carea' id='block_1_2' title="bbox 116 300 1411 469">
    <p class='ocr_par' dir='ltr' id='par_1_2' title="bbox 116 300 1411 469">
     <span class='ocr_line' id='line_1_2' title="bbox 134 300 1401 377; baseline 0.003 -19"><span class='ocrx_word' id='word_1_6' title='bbox 134 308 424 377; x_wconf 81' lang='lat' dir='ltr'>inquinare,</span> <span class='ocrx_word' id='word_1_7' title='bbox 471 300 572 370; x_wconf 78' lang='lat' dir='ltr'>fl&#39;d</span> <span class='ocrx_word' id='word_1_8' title='bbox 626 319 681 350; x_wconf 84' lang='lat' dir='ltr'>ea</span> <span class='ocrx_word' id='word_1_9' title='bbox 722 319 828 368; x_wconf 83' lang='lat' dir='ltr'>quae</span> <span class='ocrx_word' id='word_1_10' title='bbox 881 320 939 351; x_wconf 88' lang='lat' dir='ltr'>ex</span> <span class='ocrx_word' id='word_1_11' title='bbox 998 322 1075 352; x_wconf 83' lang='lat' dir='ltr'>ore</span> <span class='ocrx_word' id='word_1_12' title='bbox 1107 314 1401 372; x_wconf 76' lang='lat' dir='ltr'>procedant:</span> 
     </span>
     <span class='ocr_line' id='line_1_3' title="bbox 116 387 1411 469; baseline -0.007 -21"><span class='ocrx_word' id='word_1_13' title='bbox 116 414 223 448; x_wconf 88' lang='lat' dir='ltr'>non</span> <span class='ocrx_word' id='word_1_14' title='bbox 257 413 315 445; x_wconf 89' lang='lat' dir='ltr'>ea</span> <span class='ocrx_word' id='word_1_15' title='bbox 338 393 398 442; x_wconf 76' lang='lat' dir='ltr'>de</span> <span class='ocrx_word' id='word_1_16' title='bbox 438 387 584 439; x_wconf 85' lang='lat' dir='ltr'>causa</span> <span class='ocrx_word' id='word_1_17' title='bbox 609 389 743 440; x_wconf 81' lang='lat' dir='ltr'>dixit</span> <span class='ocrx_word' id='word_1_18' title='bbox 770 427 784 448; x_wconf 93' lang='lat'><em>,</em></span> <span class='ocrx_word' id='word_1_19' title='bbox 823 404 875 440; x_wconf 90' lang='lat' dir='ltr'>vt</span> <span class='ocrx_word' id='word_1_20' title='bbox 902 388 1157 461; x_wconf 81' lang='lat' dir='ltr'>frangeret</span> <span class='ocrx_word' id='word_1_21' title='bbox 1184 395 1235 444; x_wconf 91' lang='lat' dir='ltr'>id</span> <span class='ocrx_word' id='word_1_22' title='bbox 1274 402 1411 469; x_wconf 68' lang='lat' dir='ltr'>quod</span> 
     </span>
    </p>
   </div>
   <div class='ocr_carea' id='block_1_3' title="bbox 109 479 1420 914">
    <p class='ocr_par' dir='ltr' id='par_1_3' title="bbox 109 479 1420 914">
     <span class='ocr_line' id='line_1_4' title="bbox 116 479 1420 554; baseline 0 -17"><span class='ocrx_word' id='word_1_23' title='bbox 116 499 261 537; x_wconf 86' lang='lat' dir='ltr'>antea</span> <span class='ocrx_word' id='word_1_24' title='bbox 288 480 616 532; x_wconf 84' lang='lat' dir='ltr'>constituerat</span> <span class='ocrx_word' id='word_1_25' title='bbox 654 517 669 540; x_wconf 93' lang='lat'><strong>,</strong></span> <span class='ocrx_word' id='word_1_26' title='bbox 710 479 793 530; x_wconf 91' lang='lat' dir='ltr'>sed</span> <span class='ocrx_word' id='word_1_27' title='bbox 820 494 872 530; x_wconf 89' lang='lat' dir='ltr'>vt</span> <span class='ocrx_word' id='word_1_28' title='bbox 898 479 1140 534; x_wconf 79' lang='lat' dir='ltr'>refutaret</span> <span class='ocrx_word' id='word_1_29' title='bbox 1185 485 1420 554; x_wconf 82' lang='lat' dir='ltr'>supersti-</span> 
     </span>
     <span class='ocr_line' id='line_1_5' title="bbox 113 572 1418 650; baseline 0.005 -24"><span class='ocrx_word' id='word_1_30' title='bbox 113 575 317 626; x_wconf 83' lang='lat' dir='ltr'><strong>tionem</strong></span> <span class='ocrx_word' id='word_1_31' title='bbox 362 572 660 625; x_wconf 74' lang='lat' dir='ltr'>Iudaeorum</span> <span class='ocrx_word' id='word_1_32' title='bbox 694 611 708 633; x_wconf 88' lang='lat'><em>,</em></span> <span class='ocrx_word' id='word_1_33' title='bbox 758 573 846 641; x_wconf 88' lang='lat' dir='ltr'>qui</span> <span class='ocrx_word' id='word_1_34' title='bbox 897 577 1173 644; x_wconf 76' lang='lat' dir='ltr'>arguebant</span> <span class='ocrx_word' id='word_1_35' title='bbox 1198 578 1418 650; x_wconf 75' lang='lat' dir='ltr'>Aposto-</span> 
     </span>
     <span class='ocr_line' id='line_1_6' title="bbox 109 669 1419 740; baseline 0.005 -18"><span class='ocrx_word' id='word_1_36' title='bbox 109 669 193 722; x_wconf 90' lang='lat' dir='ltr'>los</span> <span class='ocrx_word' id='word_1_37' title='bbox 225 709 239 730; x_wconf 90' lang='lat'><strong>,</strong></span> <span class='ocrx_word' id='word_1_38' title='bbox 271 671 409 740; x_wconf 90' lang='lat' dir='ltr'>quod</span> <span class='ocrx_word' id='word_1_39' title='bbox 438 669 596 720; x_wconf 81' lang='lat' dir='ltr'>illotis</span> <span class='ocrx_word' id='word_1_40' title='bbox 624 669 863 720; x_wconf 81' lang='lat' dir='ltr'>manibus</span> <span class='ocrx_word' id='word_1_41' title='bbox 908 689 1091 739; x_wconf 83' lang='lat' dir='ltr'>panem</span> <span class='ocrx_word' id='word_1_42' title='bbox 1139 677 1419 728; x_wconf 83' lang='lat' dir='ltr'>manduea-</span> 
     </span>
     <span class='ocr_line' id='line_1_7' title="bbox 113 760 1419 837; baseline -0.004 -21"><span class='ocrx_word' id='word_1_43' title='bbox 113 778 250 816; x_wconf 84' lang='lat' dir='ltr'><strong>rent.</strong></span> <span class='ocrx_word' id='word_1_44' title='bbox 280 764 458 815; x_wconf 88' lang='lat' dir='ltr'>Immo</span> <span class='ocrx_word' id='word_1_45' title='bbox 484 780 578 834; x_wconf 77' lang='lat' dir='ltr'>nee</span> <span class='ocrx_word' id='word_1_46' title='bbox 607 760 840 830; x_wconf 88' lang='lat' dir='ltr'>Apostoli</span> <span class='ocrx_word' id='word_1_47' title='bbox 871 761 924 812; x_wconf 90' lang='lat' dir='ltr'>id</span> <span class='ocrx_word' id='word_1_48' title='bbox 954 767 1231 834; x_wconf 83' lang='lat' dir='ltr'>temporis,</span> <span class='ocrx_word' id='word_1_49' title='bbox 1257 788 1419 837; x_wconf 79' lang='lat' dir='ltr'>quan-</span> 
     </span>
     <span class='ocr_line' id='line_1_8' title="bbox 109 852 1415 914; baseline 0.005 -6"><span class='ocrx_word' id='word_1_50' title='bbox 109 858 178 909; x_wconf 92' lang='lat' dir='ltr'>do</span> <span class='ocrx_word' id='word_1_51' title='bbox 202 855 526 907; x_wconf 88' lang='lat' dir='ltr'>versabantur</span> <span class='ocrx_word' id='word_1_52' title='bbox 575 870 704 903; x_wconf 85' lang='lat' dir='ltr'>cum</span> <span class='ocrx_word' id='word_1_53' title='bbox 757 852 995 905; x_wconf 88' lang='lat' dir='ltr'>Domino</span> <span class='ocrx_word' id='word_1_54' title='bbox 1048 859 1216 910; x_wconf 84' lang='lat' dir='ltr'>nostro</span> <span class='ocrx_word' id='word_1_55' title='bbox 1270 861 1415 914; x_wconf 72' lang='lat' dir='ltr'><strong>Isssv</strong></span> 
     </span>
    </p>
   </div>
   <div class='ocr_carea' id='block_1_4' title="bbox 99 952 1419 2139">
    <p class='ocr_par' dir='ltr' id='par_1_4' title="bbox 99 952 1419 2139">
     <span class='ocr_line' id='line_1_9' title="bbox 111 952 1412 1024; baseline 0.004 -17"><span class='ocrx_word' id='word_1_56' title='bbox 111 953 395 1007; x_wconf 80' lang='lat' dir='ltr'>CHRISTO</span> <span class='ocrx_word' id='word_1_57' title='bbox 434 994 449 1016; x_wconf 85' lang='lat'><strong>,</strong></span> <span class='ocrx_word' id='word_1_58' title='bbox 494 972 717 1024; x_wconf 87' lang='lat' dir='ltr'>vnquam</span> <span class='ocrx_word' id='word_1_59' title='bbox 765 952 836 1005; x_wconf 77' lang='lat' dir='ltr'>vsi</span> <span class='ocrx_word' id='word_1_60' title='bbox 892 954 1007 1006; x_wconf 91' lang='lat' dir='ltr'>sunt</span> <span class='ocrx_word' id='word_1_61' title='bbox 1066 957 1351 1012; x_wconf 86' lang='lat' dir='ltr'>immundis</span> <span class='ocrx_word' id='word_1_62' title='bbox 1397 1002 1412 1023; x_wconf 86' lang='lat'><em>,</em></span> 
     </span>
     <span class='ocr_line' id='line_1_10' title="bbox 110 1049 1419 1120; baseline 0.007 -22"><span class='ocrx_word' id='word_1_63' title='bbox 110 1066 205 1098; x_wconf 82' lang='lat' dir='ltr'>nec</span> <span class='ocrx_word' id='word_1_64' title='bbox 261 1050 591 1120; x_wconf 85' lang='lat' dir='ltr'>gustauerunt</span> <span class='ocrx_word' id='word_1_65' title='bbox 636 1066 694 1097; x_wconf 85' lang='lat' dir='ltr'>ea</span> <span class='ocrx_word' id='word_1_66' title='bbox 726 1085 740 1105; x_wconf 59' lang='lat'><em>2</em></span> <span class='ocrx_word' id='word_1_67' title='bbox 768 1066 878 1113; x_wconf 85' lang='lat' dir='ltr'>quae</span> <span class='ocrx_word' id='word_1_68' title='bbox 929 1050 981 1099; x_wconf 82' lang='lat' dir='ltr'>in</span> <span class='ocrx_word' id='word_1_69' title='bbox 1012 1049 1123 1120; x_wconf 85' lang='lat' dir='ltr'>lege</span> <span class='ocrx_word' id='word_1_70' title='bbox 1160 1055 1419 1119; x_wconf 83' lang='lat' dir='ltr'>prohibita</span> 
     </span>
     <span class='ocr_line' id='line_1_11' title="bbox 104 1140 1408 1210; baseline 0.005 -19"><span class='ocrx_word' id='word_1_71' title='bbox 104 1140 222 1192; x_wconf 88' lang='lat' dir='ltr'>sunt</span> <span class='ocrx_word' id='word_1_72' title='bbox 252 1179 265 1200; x_wconf 93' lang='lat'>,</span> <span class='ocrx_word' id='word_1_73' title='bbox 300 1159 392 1192; x_wconf 88' lang='lat' dir='ltr'>nec</span> <span class='ocrx_word' id='word_1_74' title='bbox 423 1141 551 1192; x_wconf 84' lang='lat' dir='ltr'>vllus</span> <span class='ocrx_word' id='word_1_75' title='bbox 581 1157 758 1190; x_wconf 90' lang='lat' dir='ltr'>eorum</span> <span class='ocrx_word' id='word_1_76' title='bbox 819 1156 930 1188; x_wconf 87' lang='lat' dir='ltr'>eam</span> <span class='ocrx_word' id='word_1_77' title='bbox 977 1141 1296 1210; x_wconf 79' lang='lat' dir='ltr'>transgreffus</span> <span class='ocrx_word' id='word_1_78' title='bbox 1323 1148 1408 1201; x_wconf 87' lang='lat' dir='ltr'>est.</span> 
     </span>
     <span class='ocr_line' id='line_1_12' title="bbox 103 1230 1413 1301; baseline 0.003 -19"><span class='ocrx_word' id='word_1_79' title='bbox 103 1232 222 1283; x_wconf 87' lang='lat' dir='ltr'>Nec</span> <span class='ocrx_word' id='word_1_80' title='bbox 251 1233 313 1282; x_wconf 89' lang='lat' dir='ltr'>iis</span> <span class='ocrx_word' id='word_1_81' title='bbox 342 1231 662 1301; x_wconf 86' lang='lat' dir='ltr'>temporibus</span> <span class='ocrx_word' id='word_1_82' title='bbox 721 1249 834 1298; x_wconf 80' lang='lat' dir='ltr'>quae</span> <span class='ocrx_word' id='word_1_83' title='bbox 862 1230 1135 1299; x_wconf 66' lang='lat' dir='ltr'>pastionem</span> <span class='ocrx_word' id='word_1_84' title='bbox 1189 1233 1413 1286; x_wconf 88' lang='lat' dir='ltr'>Domini</span> 
     </span>
     <span class='ocr_line' id='line_1_13' title="bbox 101 1320 1408 1394; baseline 0.005 -22"><span class='ocrx_word' id='word_1_85' title='bbox 101 1322 328 1373; x_wconf 86' lang='lat' dir='ltr'>insecuta</span> <span class='ocrx_word' id='word_1_86' title='bbox 375 1322 488 1374; x_wconf 89' lang='lat' dir='ltr'>sunt</span> <span class='ocrx_word' id='word_1_87' title='bbox 521 1361 534 1383; x_wconf 91' lang='lat'><em>,</em></span> <span class='ocrx_word' id='word_1_88' title='bbox 584 1340 704 1373; x_wconf 90' lang='lat' dir='ltr'>curn</span> <span class='ocrx_word' id='word_1_89' title='bbox 754 1320 1099 1390; x_wconf 79' lang='lat' dir='ltr'>Euangelium</span> <span class='ocrx_word' id='word_1_90' title='bbox 1149 1336 1408 1394; x_wconf 71' lang='lat' dir='ltr'>caeperunt</span> 
     </span>
     <span class='ocr_line' id='line_1_14' title="bbox 101 1413 1409 1488; baseline 0.004 -22"><span class='ocrx_word' id='word_1_91' title='bbox 101 1417 382 1485; x_wconf 73' lang='lat' dir='ltr'>praedicare</span> <span class='ocrx_word' id='word_1_92' title='bbox 433 1413 664 1485; x_wconf 85' lang='lat' dir='ltr'>Apostoli</span> <span class='ocrx_word' id='word_1_93' title='bbox 695 1451 709 1472; x_wconf 90' lang='lat'><strong>,</strong></span> <span class='ocrx_word' id='word_1_94' title='bbox 741 1414 855 1463; x_wconf 73' lang='lat' dir='ltr'>vllis</span> <span class='ocrx_word' id='word_1_95' title='bbox 907 1413 1038 1482; x_wconf 83' lang='lat' dir='ltr'>apud</span> <span class='ocrx_word' id='word_1_96' title='bbox 1071 1432 1164 1464; x_wconf 89' lang='lat' dir='ltr'>nos</span> <span class='ocrx_word' id='word_1_97' title='bbox 1208 1415 1409 1488; x_wconf 83' lang='lat' dir='ltr'>scriptis</span> 
     </span>
     <span class='ocr_line' id='line_1_15' title="bbox 103 1508 1407 1580; baseline 0.003 -20"><span class='ocrx_word' id='word_1_98' title='bbox 103 1512 309 1578; x_wconf 85' lang='lat' dir='ltr'>probari</span> <span class='ocrx_word' id='word_1_99' title='bbox 339 1509 499 1580; x_wconf 86' lang='lat' dir='ltr'>potest</span> <span class='ocrx_word' id='word_1_100' title='bbox 528 1548 543 1569; x_wconf 90' lang='lat'><em>,</em></span> <span class='ocrx_word' id='word_1_101' title='bbox 584 1527 670 1559; x_wconf 88' lang='lat' dir='ltr'>eos</span> <span class='ocrx_word' id='word_1_102' title='bbox 696 1508 843 1558; x_wconf 79' lang='lat' dir='ltr'>ediffe</span> <span class='ocrx_word' id='word_1_103' title='bbox 876 1544 889 1565; x_wconf 92' lang='lat'><em>,</em></span> <span class='ocrx_word' id='word_1_104' title='bbox 920 1523 1005 1558; x_wconf 81' lang='lat' dir='ltr'>aut</span> <span class='ocrx_word' id='word_1_105' title='bbox 1034 1510 1268 1562; x_wconf 70' lang='lat' dir='ltr'>occidisse</span> <span class='ocrx_word' id='word_1_106' title='bbox 1305 1515 1407 1564; x_wconf 87' lang='lat' dir='ltr'>im·-</span> 
     </span>
     <span class='ocr_line' id='line_1_16' title="bbox 105 1599 1404 1658; baseline 0.004 -5"><span class='ocrx_word' id='word_1_107' title='bbox 105 1602 319 1653; x_wconf 82' lang='lat' dir='ltr'><strong>munda.</strong></span> <span class='ocrx_word' id='word_1_108' title='bbox 368 1602 567 1653; x_wconf 88' lang='lat' dir='ltr'>Verum</span> <span class='ocrx_word' id='word_1_109' title='bbox 606 1615 778 1652; x_wconf 83' lang='lat' dir='ltr'>tamen</span> <span class='ocrx_word' id='word_1_110' title='bbox 828 1599 895 1649; x_wconf 87' lang='lat' dir='ltr'>est</span> <span class='ocrx_word' id='word_1_111' title='bbox 938 1599 1153 1653; x_wconf 76' lang='lat' dir='ltr'>Paulum</span> <span class='ocrx_word' id='word_1_112' title='bbox 1197 1603 1404 1658; x_wconf 85' lang='lat' dir='ltr'>dicere:</span> 
     </span>
     <span class='ocr_line' id='line_1_17' title="bbox 100 1690 1404 1760; baseline 0.001 -18"><span class='ocrx_word' id='word_1_113' title='bbox 100 1691 254 1742; x_wconf 85' lang='lat' dir='ltr'>Omne</span> <span class='ocrx_word' id='word_1_114' title='bbox 303 1692 429 1760; x_wconf 82' lang='lat' dir='ltr'><em>quod</em></span> <span class='ocrx_word' id='word_1_115' title='bbox 469 1690 518 1740; x_wconf 89' lang='lat' dir='ltr'>in</span> <span class='ocrx_word' id='word_1_116' title='bbox 575 1693 765 1742; x_wconf 70' lang='lat' dir='ltr'>macello</span> <span class='ocrx_word' id='word_1_117' title='bbox 837 1691 971 1743; x_wconf 83' lang='lat' dir='ltr'>venit</span> <span class='ocrx_word' id='word_1_118' title='bbox 1000 1729 1014 1750; x_wconf 91' lang='lat'>‚</span> <span class='ocrx_word' id='word_1_119' title='bbox 1066 1692 1351 1743; x_wconf 76' lang='lat' dir='ltr'>manducate</span> <span class='ocrx_word' id='word_1_120' title='bbox 1391 1730 1404 1751; x_wconf 90' lang='lat'><em>,</em></span> 
     </span>
     <span class='ocr_line' id='line_1_18' title="bbox 103 1785 1407 1856; baseline 0.005 -22"><span class='ocrx_word' id='word_1_121' title='bbox 103 1785 234 1834; x_wconf 78' lang='lat' dir='ltr'>nihil</span> <span class='ocrx_word' id='word_1_122' title='bbox 267 1785 623 1852; x_wconf 79' lang='lat' dir='ltr'>interrogantes</span> <span class='ocrx_word' id='word_1_123' title='bbox 668 1799 869 1855; x_wconf 76' lang='lat' dir='ltr'>propter</span> <span class='ocrx_word' id='word_1_124' title='bbox 905 1786 1257 1856; x_wconf 65' lang='lat' dir='ltr'>censcientiam.</span> <span class='ocrx_word' id='word_1_125' title='bbox 1306 1790 1407 1841; x_wconf 76' lang='lat' dir='ltr'>Po-</span> 
     </span>
     <span class='ocr_line' id='line_1_19' title="bbox 99 1875 1401 1950; baseline 0.005 -28"><span class='ocrx_word' id='word_1_126' title='bbox 99 1877 203 1950; x_wconf 83' lang='lat' dir='ltr'>stea</span> <span class='ocrx_word' id='word_1_127' title='bbox 255 1875 418 1944; x_wconf 81' lang='lat' dir='ltr'><em>stquis</em></span> <span class='ocrx_word' id='word_1_128' title='bbox 467 1895 549 1924; x_wconf 79' lang='lat' dir='ltr'>vos</span> <span class='ocrx_word' id='word_1_129' title='bbox 592 1888 734 1926; x_wconf 80' lang='lat' dir='ltr'><em>vocat</em></span> <span class='ocrx_word' id='word_1_130' title='bbox 771 1877 1029 1944; x_wconf 71' lang='lat' dir='ltr'>infidelium</span> <span class='ocrx_word' id='word_1_131' title='bbox 1072 1881 1140 1927; x_wconf 87' lang='lat' dir='ltr'>ad</span> <span class='ocrx_word' id='word_1_132' title='bbox 1182 1898 1360 1929; x_wconf 80' lang='lat' dir='ltr'>caenam</span> <span class='ocrx_word' id='word_1_133' title='bbox 1387 1917 1401 1939; x_wconf 84' lang='lat'><em>,</em></span> 
     </span>
     <span class='ocr_line' id='line_1_20' title="bbox 106 1969 1400 2042; baseline 0.003 -21"><span class='ocrx_word' id='word_1_134' title='bbox 106 1972 165 2021; x_wconf 55' lang='grc' dir='ltr'>Εἴ</span> <span class='ocrx_word' id='word_1_135' title='bbox 208 1969 362 2021; x_wconf 82' lang='lat' dir='ltr'><em>vultis</em></span> <span class='ocrx_word' id='word_1_136' title='bbox 404 1970 478 2019; x_wconf 86' lang='lat' dir='ltr'>ire</span> <span class='ocrx_word' id='word_1_137' title='bbox 515 2007 531 2028; x_wconf 89' lang='lat'><em>,</em></span> <span class='ocrx_word' id='word_1_138' title='bbox 581 1989 710 2019; x_wconf 80' lang='lat' dir='ltr'>omne</span> <span class='ocrx_word' id='word_1_139' title='bbox 759 1972 884 2037; x_wconf 81' lang='lat' dir='ltr'><em>quod</em></span> <span class='ocrx_word' id='word_1_140' title='bbox 922 1969 1058 2020; x_wconf 72' lang='lat' dir='ltr'>vobis</span> <span class='ocrx_word' id='word_1_141' title='bbox 1107 1974 1400 2042; x_wconf 76' lang='lat' dir='ltr'>apponitur,</span> 
     </span>
     <span class='ocr_line' id='line_1_21' title="bbox 104 2064 1396 2139; baseline 0.005 -24"><span class='ocrx_word' id='word_1_142' title='bbox 104 2066 429 2124; x_wconf 87' lang='lat' dir='ltr'>manducate,</span> <span class='ocrx_word' id='word_1_143' title='bbox 476 2064 605 2115; x_wconf 84' lang='lat' dir='ltr'>nihil</span> <span class='ocrx_word' id='word_1_144' title='bbox 661 2066 1011 2133; x_wconf 78' lang='lat' dir='ltr'>interrogantes</span> <span class='ocrx_word' id='word_1_145' title='bbox 1052 2081 1250 2139; x_wconf 71' lang='lat' dir='ltr'>propter</span> <span class='ocrx_word' id='word_1_146' title='bbox 1288 2091 1396 2121; x_wconf 75' lang='lat' dir='ltr'>con-</span> 
     </span>
    </p>
   </div>
   <div class='ocr_carea' id='block_1_5' title="bbox 84 2158 1393 2229">
    <p class='ocr_par' dir='ltr' id='par_1_5' title="bbox 84 2158 1393 2229">
     <span class='ocr_line' id='line_1_22' title="bbox 84 2158 1393 2229; baseline 0.008 -23"><span class='ocrx_word' id='word_1_147' title='bbox 84 2158 370 2229; x_wconf 84' lang='lat' dir='ltr'>scientiam.</span> <span class='ocrx_word' id='word_1_148' title='bbox 417 2160 581 2228; x_wconf 85' lang='lat' dir='ltr'><em>Siquis</em></span> <span class='ocrx_word' id='word_1_149' title='bbox 624 2172 782 2211; x_wconf 85' lang='lat' dir='ltr'>autem</span> <span class='ocrx_word' id='word_1_150' title='bbox 830 2162 1012 2213; x_wconf 85' lang='lat' dir='ltr'>dixerit</span> <span class='ocrx_word' id='word_1_151' title='bbox 1041 2200 1052 2220; x_wconf 89' lang='lat'><em>,</em></span> <span class='ocrx_word' id='word_1_152' title='bbox 1103 2163 1186 2214; x_wconf 77' lang='lat' dir='ltr'>hoc</span> <span class='ocrx_word' id='word_1_153' title='bbox 1230 2165 1393 2217; x_wconf 83' lang='lat' dir='ltr'>immo-</span> 
     </span>
    </p>
   </div>
   <div class='ocr_carea' id='block_1_6' title="bbox 84 2259 1400 2610">
    <p class='ocr_par' dir='ltr' id='par_1_6' title="bbox 84 2259 1400 2610">
     <span class='ocr_line' id='line_1_23' title="bbox 86 2259 1400 2337; baseline 0.008 -29"><span class='ocrx_word' id='word_1_154' title='bbox 86 2259 238 2310; x_wconf 81' lang='lat' dir='ltr'><em>latum</em></span> <span class='ocrx_word' id='word_1_155' title='bbox 293 2262 356 2330; x_wconf 79' lang='lat' dir='ltr'>est</span> <span class='ocrx_word' id='word_1_156' title='bbox 420 2262 559 2312; x_wconf 78' lang='lat' dir='ltr'>idolis</span> <span class='ocrx_word' id='word_1_157' title='bbox 588 2300 603 2322; x_wconf 90' lang='lat'>‚</span> <span class='ocrx_word' id='word_1_158' title='bbox 665 2262 806 2312; x_wconf 72' lang='lat' dir='ltr'>nolite</span> <span class='ocrx_word' id='word_1_159' title='bbox 879 2266 1171 2314; x_wconf 83' lang='lat' dir='ltr'>manducare</span> <span class='ocrx_word' id='word_1_160' title='bbox 1201 2278 1400 2337; x_wconf 72' lang='lat' dir='ltr'>propter</span> 
     </span>
     <span class='ocr_line' id='line_1_24' title="bbox 87 2355 1398 2428; baseline 0.008 -25"><span class='ocrx_word' id='word_1_161' title='bbox 87 2372 192 2404; x_wconf 85' lang='lat' dir='ltr'>eum</span> <span class='ocrx_word' id='word_1_162' title='bbox 228 2391 242 2413; x_wconf 88' lang='lat'><em>,</em></span> <span class='ocrx_word' id='word_1_163' title='bbox 294 2355 379 2422; x_wconf 85' lang='lat' dir='ltr'>qui</span> <span class='ocrx_word' id='word_1_164' title='bbox 427 2357 668 2408; x_wconf 84' lang='lat' dir='ltr'>indicauit</span> <span class='ocrx_word' id='word_1_165' title='bbox 711 2394 726 2414; x_wconf 89' lang='lat'><em>,</em></span> <span class='ocrx_word' id='word_1_166' title='bbox 782 2358 839 2408; x_wconf 62' lang='grc' dir='ltr'>ἅθ’</span> <span class='ocrx_word' id='word_1_167' title='bbox 888 2370 1087 2428; x_wconf 75' lang='lat' dir='ltr'>propter</span> <span class='ocrx_word' id='word_1_168' title='bbox 1123 2379 1202 2410; x_wconf 80' lang='lat' dir='ltr'>con</span> <span class='ocrx_word' id='word_1_169' title='bbox 1228 2361 1398 2414; x_wconf 78' lang='lat' dir='ltr'>cienti-</span> 
     </span>
     <span class='ocr_line' id='line_1_25' title="bbox 87 2448 1390 2520; baseline 0.003 -22"><span class='ocrx_word' id='word_1_170' title='bbox 87 2467 164 2498; x_wconf 86' lang='lat' dir='ltr'>am</span> <span class='ocrx_word' id='word_1_171' title='bbox 211 2468 223 2498; x_wconf 72' lang='grc' dir='ltr'><strong>ε</strong></span> <span class='ocrx_word' id='word_1_172' title='bbox 262 2449 312 2500; x_wconf 86' lang='lat'>&amp;</span> <span class='ocrx_word' id='word_1_173' title='bbox 355 2449 535 2499; x_wconf 86' lang='lat' dir='ltr'>omnia</span> <span class='ocrx_word' id='word_1_174' title='bbox 578 2449 685 2502; x_wconf 83' lang='lat' dir='ltr'>haec</span> <span class='ocrx_word' id='word_1_175' title='bbox 731 2451 864 2502; x_wconf 83' lang='lat' dir='ltr'>dixit</span> <span class='ocrx_word' id='word_1_176' title='bbox 914 2448 1101 2499; x_wconf 76' lang='lat' dir='ltr'>Paulus</span> <span class='ocrx_word' id='word_1_177' title='bbox 1131 2489 1145 2510; x_wconf 93' lang='lat'><em>‚</em></span> <span class='ocrx_word' id='word_1_178' title='bbox 1181 2465 1235 2502; x_wconf 83' lang='lat' dir='ltr'>vt</span> <span class='ocrx_word' id='word_1_179' title='bbox 1284 2452 1390 2520; x_wconf 84' lang='lat' dir='ltr'>pla-</span> 
     </span>
     <span class='ocr_line' id='line_1_26' title="bbox 84 2541 1383 2610; baseline 0.003 -19"><span class='ocrx_word' id='word_1_180' title='bbox 84 2555 220 2592; x_wconf 84' lang='lat' dir='ltr'>ceret</span> <span class='ocrx_word' id='word_1_181' title='bbox 262 2541 325 2592; x_wconf 86' lang='lat' dir='ltr'>iis</span> <span class='ocrx_word' id='word_1_182' title='bbox 367 2579 381 2600; x_wconf 85' lang='lat'><em>,</em></span> <span class='ocrx_word' id='word_1_183' title='bbox 431 2543 518 2610; x_wconf 86' lang='lat' dir='ltr'>qui</span> <span class='ocrx_word' id='word_1_184' title='bbox 580 2543 635 2592; x_wconf 88' lang='lat' dir='ltr'>in</span> <span class='ocrx_word' id='word_1_185' title='bbox 677 2543 775 2594; x_wconf 85' lang='lat' dir='ltr'>fide</span> <span class='ocrx_word' id='word_1_186' title='bbox 843 2561 947 2593; x_wconf 89' lang='lat' dir='ltr'>non</span> <span class='ocrx_word' id='word_1_187' title='bbox 1011 2556 1153 2593; x_wconf 82' lang='lat' dir='ltr'>erant</span> <span class='ocrx_word' id='word_1_188' title='bbox 1204 2545 1383 2595; x_wconf 83' lang='lat' dir='ltr'>admo-</span> 
     </span>
    </p>
   </div>
   <div class='ocr_carea' id='block_1_7' title="bbox 83 2631 1388 2779">
    <p class='ocr_par' dir='ltr' id='par_1_7' title="bbox 83 2631 1388 2779">
     <span class='ocr_line' id='line_1_27' title="bbox 83 2631 1388 2704; baseline 0.002 -20"><span class='ocrx_word' id='word_1_189' title='bbox 83 2631 205 2688; x_wconf 85' lang='lat' dir='ltr'>dum</span> <span class='ocrx_word' id='word_1_190' title='bbox 232 2635 529 2688; x_wconf 85' lang='lat' dir='ltr'>confirmati</span> <span class='ocrx_word' id='word_1_191' title='bbox 563 2673 578 2695; x_wconf 91' lang='lat'>,</span> <span class='ocrx_word' id='word_1_192' title='bbox 607 2637 859 2704; x_wconf 84' lang='lat' dir='ltr'>quoniam</span> <span class='ocrx_word' id='word_1_193' title='bbox 888 2637 1023 2688; x_wconf 78' lang='lat' dir='ltr'>inter</span> <span class='ocrx_word' id='word_1_194' title='bbox 1049 2636 1146 2687; x_wconf 85' lang='lat' dir='ltr'>hos</span> <span class='ocrx_word' id='word_1_195' title='bbox 1170 2675 1184 2694; x_wconf 91' lang='lat'><em>,</em></span> <span class='ocrx_word' id='word_1_196' title='bbox 1225 2640 1274 2687; x_wconf 74' lang='grc' dir='ltr'>δε</span> <span class='ocrx_word' id='word_1_197' title='bbox 1298 2637 1388 2688; x_wconf 83' lang='lat' dir='ltr'>Iu-</span> 
     </span>
     <span class='ocr_line' id='line_1_28' title="bbox 1218 2730 1351 2779; baseline 0.015 -2"><span class='ocrx_word' id='word_1_198' title='bbox 1218 2730 1351 2779; x_wconf 73' lang='lat' dir='ltr'>daeos</span> 
     </span>
    </p>
   </div>
  </div>
 </body>
</html>
