1965 3256
545 240 650 297 232
903 239 1186 279 DAMlAm
1217 244 1255 279 A
1287 243 1434 281 cons

512 348 638 397 bum
673 347 722 398 &
745 346 957 406 verbum
1003 359 1108 398 erat
1135 348 1268 417 apud
1315 348 1490 403 Deum
1520 391 1534 412 ,
1577 352 1626 406 &
1660 352 1804 405 Deus

512 456 616 490 erat
644 443 872 492 verbum.
920 440 1132 511 Spiritus
1161 441 1324 494 Patris
1357 481 1368 501 ,
1422 443 1636 511 Spiritus
1683 445 1808 497 San-

518 532 630 581 &us
678 571 690 591 ,
743 532 948 602 spiritus
998 531 1163 592 Filii,
1193 531 1410 600 Spiritus
1454 535 1665 588 Sanetus
1691 534 1758 585 est
1794 567 1810 588 ,

523 623 743 695 Spiritus
783 643 952 678 autem
982 627 1194 679 &ineius
1227 628 1427 696 spiritu:
1459 629 1530 680 sui
1556 669 1568 689 ,
1603 629 1703 680 sine
1734 626 1809 678 vi·-

515 719 565 768 la
591 722 933 772 diminutione
965 761 977 781 ,
1013 735 1096 772 aut
1146 724 1576 794 augmentatione.
1631 723 1684 774 Is
1734 734 1813 770 et-

522 817 662 867 enim
693 815 908 885 Spiritus
937 817 1170 874 Sanetus,
1200 816 1489 868 Paracletus
1516 857 1528 876 ‚
1564 817 1708 867 Deus
1735 820 1817 870 vi-

523 928 615 960 vus
646 948 658 968 ‚
689 910 775 976 qui
800 924 864 957 ex
914 908 1060 958 Patre
1091 948 1103 967 ,
1128 910 1177 958 ὃς
1207 907 1344 958 Fiiio
1370 910 1599 976 proceuit
1630 947 1643 968 ,
1673 909 1819 958 loeu-

522 1018 602 1054 tus
655 1001 721 1051 est
765 1019 851 1068 per
879 1019 934 1049 os
986 1001 1353 1066 Prophetarum
1385 1038 1397 1058 ‚
1449 1003 1497 1051 &
1535 1002 1587 1050 in
1613 1000 1822 1051 flamma

524 1091 661 1159 ignis
708 1088 966 1138 deseendit
1018 1088 1162 1158 super
1208 1087 1479 1155 Apostolos
1527 1090 1580 1138 in
1625 1089 1816 1139 atrium

525 1182 668 1232 Sion.
733 1179 841 1247 Qxi
887 1198 975 1247 per
1015 1193 1181 1231 totum
1224 1192 1472 1231 terrarum
1516 1181 1695 1229 orbem
1734 1180 1820 1230 de-

530 1272 834 1324 nuntiarunt
868 1309 880 1329 ,
911 1288 966 1320 ae
994 1271 1331 1338 praedicarunt
1359 1272 1573 1321 verbum
1617 1270 1780 1321 Patris
1802 1307 1817 1328 ,

525 1367 663 1436 quod
689 1365 901 1414 verbum
928 1378 1033 1414 erat
1058 1363 1163 1433 ipse
1217 1363 1401 1416 Filius.
1446 1362 1692 1414 Praeterea
1737 1380 1827 1411 ne-

527 1477 625 1526 que
653 1456 801 1507 Pater
820 1454 888 1504 est
915 1455 1110 1524 primus
1136 1456 1253 1506 inde
1281 1455 1418 1523 quod
1451 1454 1606 1505 Pater
1629 1453 1704 1511 s1t,
1734 1468 1827 1501 nec

530 1553 697 1605 Fiiius
748 1552 1027 1620 postremus
1078 1553 1194 1602 inde
1243 1553 1378 1620 quod
1415 1551 1577 1602 Filius
1621 1551 1679 1601 sit
1706 1587 1719 1609 ,
1765 1548 1831 1598 fic

533 1648 753 1717 Spiritus
782 1646 996 1696 Sanetus
1024 1664 1186 1712 neque
1214 1647 1410 1716 primus
1438 1663 1601 1713 neque
1640 1641 1830 1712 postre-

539 1756 656 1788 mus
683 1735 768 1786 est.
818 1735 955 1787 Tres
985 1736 1211 1804 personae
1239 1755 1365 1788 vnus
1395 1737 1544 1787 Deus
1577 1773 1591 1794 ‚
1640 1734 1726 1801 qui
1749 1729 1832 1783 ‘vi-

537 1832 620 1880 det
651 1866 663 1886 ,
701 1829 751 1878 ἃ
794 1846 823 1876 a
861 1827 1068 1877 nemine
1111 1829 1309 1879 videtur
1347 1865 1361 1886 ‚
1399 1827 1486 1894 qui
1537 1824 1689 1874 vnico
1741 1820 1830 1871 suo

536 1920 748 1973 consilio
789 1921 975 1970 cuneta
1019 1921 1232 1972 creauit.
1277 1921 1449 1971 Postea
1505 1936 1623 1969 vero
1673 1915 1838 1965 Filius

538 2010 717 2083 sponte
757 2026 962 2084 propter
1001 2015 1219 2065 nostram
1247 2013 1459 2064 salutem
1490 2050 1503 2072 ,
1545 2011 1651 2080 ipso
1689 2010 1839 2061 Patre

540 2112 732 2165 volenti
768 2149 782 2171 ‚
809 2109 998 2180 Spiritu
1037 2110 1223 2162 Saneto
1251 2109 1586 2161 consentienti
1617 2146 1631 2168 ,
1679 2125 1741 2158 ex
1764 2106 1840 2156 al-

539 2207 727 2256 tiffimo
754 2203 842 2253 suo
869 2205 1140 2255 domicilio
1178 2203 1436 2256 descendit
1467 2241 1480 2263 ,
1525 2204 1574 2253 &
1601 2201 1839 2252 incarna-

542 2308 624 2346 tus
651 2295 718 2344 est
759 2296 818 2343 de
846 2295 1038 2364 Spiritu
1079 2295 1266 2348 Saneto
1298 2335 1311 2355 ,
1356 2313 1420 2346 ex
1448 2294 1622 2346 Maria
1663 2292 1841 2362 Virgi-

545 2408 609 2439 ne
642 2424 654 2444 ,
683 2404 797 2453 quae
831 2385 1003 2437 Maria
1032 2389 1223 2458 dupiici
1253 2391 1526 2440 ornabatur
1576 2386 1846 2456 virginita-

545 2492 594 2529 te
627 2515 638 2536 ‚
684 2465 780 2526 rna
804 2475 1045 2544 spirituali
1074 2518 1086 2538 ,
1109 2481 1405 2531 altera'vero
1430 2479 1638 2531 carnali.
1666 2479 1733 2531 Et
1755 2497 1846 2529 na·-

546 2583 628 2618 tus
656 2567 722 2617 est
756 2566 855 2616 {ine
900 2564 1066 2632 aiiq'ua
1114 2563 1442 2638 corruptione
1472 2608 1485 2628 ‚
1521 2568 1624 2637 ipsa
1669 2565 1847 2617 Maria

551 2672 712 2708 matre
753 2652 858 2725 post
886 2666 1084 2722 partum
1119 2653 1337 2723 Virgine
1388 2655 1706 2723 permanenti
1741 2690 1752 2710 ‚
1799 2652 1849 2701 δε

1699 2763 1809 2796 ma—

1956 3187 1965 3256 κε·
