1931 3239
375 211 453 251 nr:
489 209 600 250 Ber„
626 212 698 249 ro
727 209 1060 249 cAMBArco
1090 203 1215 249 suc.
1293 210 1396 269 '371

143 309 241 368 bus
267 321 395 371 arcis
422 318 582 387 portis
629 318 786 370 valuae
838 318 1086 382 ademptae
1117 353 1130 374 ‚
1170 335 1225 367 ac
1253 320 1431 387 procul

143 407 351 460 semotae
374 446 389 468 ,
415 427 478 459 ne
506 406 659 457 nostri
687 407 741 457 in
765 406 885 475 fuga
903 404 1060 454 vllam
1100 405 1238 472 spem
1282 430 1433 479 repo*

138 509 339 554 nerent.
589 562 592 563 ⁷

281 587 457 640 ORTO
492 590 596 640 iam
622 581 724 638 sole
751 619 766 645 -,
812 584 1057 654 sacrisque
1096 585 1311 654 peractis
1341 626 1354 646 ,
1382 593 1433 642 ὅσ

134 682 278 753 signo
300 681 552 732 nauiculis
590 681 707 730 dato
733 716 747 738 ,
795 677 1027 729 Lusitani
1064 677 1126 727 ad
1151 678 1251 729 duo
1279 679 1430 730 circi-

136 785 214 823 ter
240 771 407 822 millia
460 771 508 821 ἃ
554 769 861 838 quingentos
925 780 1201 836 erumpunt
1227 806 1241 826 ,
1278 769 1432 819 hosti-

134 876 225 916 urn
254 881 426 913 muros
476 861 725 912 inuadunt
755 892 769 918 ‚
821 877 876 910 ae
918 859 1033 908 inde
1059 859 1350 928 agminibus
1379 862 1431 913 in

136 955 368 1005 ordinem
397 953 598 1022 digestis
627 990 641 1011 ,
697 952 757 1002 ad
785 951 1021 1002 stationes
1049 951 1269 1003 hostium
1305 974 1431 1007 con-

134 1046 369 1096 tendunt.
418 1043 506 1095 Illi
534 1061 686 1111 porro
705 1081 717 1100 ,
742 1042 870 1110 quib
882 1060 939 1091 us
967 1043 1144 1093 nauale
1164 1048 1429 1114 negotium

130 1134 464 1184 commiffum
503 1134 668 1183 fuerat
692 1170 706 1192 ‚
747 1132 885 1202 signo
913 1148 1122 1202 accepto
1149 1171 1161 1191 ‚
1207 1136 1258 1185 in
1286 1137 1429 1190 illam

132 1240 353 1294 partem,
380 1226 434 1274 in
454 1244 553 1293 qua
577 1225 748 1293 potior
774 1223 995 1274 hostium
1024 1242 1206 1275 manus
1236 1227 1426 1279 nostros

133 1317 530 1384 opperiebantur
559 1350 573 1373 ,
610 1332 764 1364 naues
800 1333 860 1365 eo
887 1314 1063 1364 ordine
1095 1352 1108 1372 ,
1132 1328 1182 1366 vt
1206 1320 1428 1385 impera-

133 1422 246 1458 tum
269 1419 375 1457 erat
414 1443 427 1462 ,
468 1405 685 1476 dirigere
713 1405 760 1456 se
788 1404 1042 1456 fimulant.
1090 1407 1270 1461 Hostes
1309 1431 1428 1465 vero

130 1500 218 1550 vbi
245 1497 494 1548 vexillum
536 1498 735 1567 regium
767 1535 782 1556 ,
823 1497 1137 1567 insigniaque
1182 1503 1427 1556 militaria

130 1594 443 1663 conspexere
474 1629 489 1651 ‚
518 1609 577 1642 ac
600 1629 614 1651 ,
639 1610 740 1659 quo
768 1591 925 1641 classis
951 1594 1196 1654 tenderet,
1225 1599 1425 1650 anima-

128 1687 428 1736 duerterunt
453 1693 478 1742 ‚⁸
518 1681 625 1732 illic
654 1681 811 1732 totius
851 1684 1105 1733 exercitus
1133 1689 1239 1737 vim
1266 1690 1425 1742 adeffe

128 1776 476 1827 existimantes
500 1810 513 1832 ,
542 1790 728 1842 magna
752 1793 816 1824 ex
838 1787 978 1843 parte
1014 1774 1309 1829 stationibus
1337 1782 1426 1830 de-

130 1873 275 1924 sertis
301 1870 651 1921 confertiffirni
689 1870 789 1920 sese
833 1871 894 1920 ad
921 1872 1063 1922 littus
1108 1877 1416 1945 proripiunt.

126 1967 493 2035 Quamobrem
522 1965 702 2015 nostris
727 1965 947 2015 exeundi
975 1967 1164 2018 minori
1190 1973 1421 2040 periculo

126 2063 373 2132 potestate
430 2062 565 2113 facta
592 2101 604 2120 ,
662 2062 1023 2133 R‘Iascaregnas
1075 2067 1092 2134 (
1122 2068 1202 2118 cui
1254 2071 1422 2137 prima

123 2159 266 2210 acies
309 2159 601 2209 concredita
641 2157 787 2225 erat)
830 2162 1209 2232 quadringentis
1236 2168 1424 2218 militi-

127 2250 268 2299 tibus
297 2251 605 2321 constipatus
631 2289 644 2310 ,
684 2252 855 2322 primo
889 2254 1003 2305 loco
1024 2260 1339 2326 eruptionem
1363 2263 1421 2313 in

126 2340 286 2393 castra
308 2343 449 2394 fecit.
498 2343 563 2396 In
612 2364 674 2396 eo
697 2346 941 2399 conflictu
967 2353 1312 2423 concursuque
1355 2359 1419 2408 ad

124 2450 304 2486 muros
333 2473 348 2495 ,
395 2436 456 2488 de
482 2438 661 2489 nostris
685 2441 887 2491 circiter
930 2444 1297 2514 quinquaginta
1323 2451 1413 2498 ‹ie-⁶

125 2526 324 2579 fiderati
377 2528 511 2583 sunt.
557 2530 653 2582 Sed
689 2532 1093 2588 succurrentibus
1144 2539 1413 2595 confestim

127 2618 241 2679 &liis
262 2657 280 2684 ,
320 2620 485 2675 hostes
512 2626 822 2680 retrocedere
842 2628 892 2681 δε
917 2631 1147 2685 animum
1180 2634 1414 2685 remitte-

1326 2743 1382 2783 Ie
