1965 3256
641 241 751 301 166
918 254 1201 302 DAMIANI
1253 266 1292 303 A
1317 262 1459 304 coss

591 371 653 428 &
678 367 951 427 industria
973 419 988 442 ‚
1038 372 1204 431 fimul
1231 392 1366 431 cum
1393 375 1647 432 sermone
1676 375 1737 433 &
1761 373 1850 434 laa-

590 472 729 529 bore
758 474 1200 544 nonnullorum,
1240 494 1381 550 quos
1436 476 1552 532 iam
1574 475 1850 536 sereniffi.¹

588 575 672 632 mi
722 575 907 654 Reges
934 576 1225 634 Lufitania
1254 577 1607 635 Emmanuel
1661 579 1722 636 &
1750 579 1849 636 Io.-

585 699 758 736 annes
819 680 937 736 eius
988 681 1140 740 filius
1192 679 1466 738 miserunt
1488 725 1504 750 ,
1553 680 1724 737 facies
1782 693 1846 735 vt

587 800 790 837 omnes
817 780 1123 838 Christiani
1151 783 1211 839 in
1236 781 1547 857 Aethiopia
1581 781 1642 839 δε
1673 777 1839 836 India

581 878 854 957 degentes
879 924 895 947 ,
941 877 1145 936 senlim
1198 876 1453 956 Regibus
1485 878 1545 934 δε
1573 878 1844 936 institutis

582 977 982 1035 Romanorum
1017 977 1442 1054 Episcoporum
1468 977 1639 1054 [quos
1669 979 1843 1036 Chri.-

578 1077 647 1134 sti
678 1077 937 1134 Vicarios
966 1095 1083 1131 non
1111 1075 1487 1132 reformidant
1514 1074 1705 1155 fateri]
1738 1097 1846 1152 pa-

575 1191 753 1233 reant.
867 1177 1031 1232 uibus
1061 1174 1296 1231 tandem
1326 1188 1421 1230 tua
1449 1193 1620 1250 opera
1649 1175 1845 1233 nobis-

574 1295 711 1333 cum
747 1297 850 1354 per
879 1297 1070 1334 veram
1100 1274 1435 1352 religionem
1476 1275 1796 1334 coniundtis
1823 1324 1841 1347 ,

572 1379 723 1436 acin
750 1400 868 1437 vno
917 1377 1057 1438 ouili
1105 1377 1312 1447 simul,
1361 1379 1421 1435 &
1452 1377 1553 1435 sub
1584 1398 1697 1435 vno
1731 1398 1841 1455 pa-

572 1479 719 1538 store
749 1480 975 1539 Christo
1014 1479 1377 1558 congregatis
1408 1525 1422 1548 ,
1449 1478 1838 1558 intelligemus

569 1582 734 1658 super
763 1604 863 1642 nos
879 1603 1080 1640 omnes
1103 1579 1347 1639 Domini
1373 1580 1837 1639 misericordiam

578 1686 982 1742 confirmatam
1016 1731 1031 1755 ,
1060 1686 1120 1741 δε
1147 1683 1264 1739 eius
1292 1701 1539 1758 regnum
1565 1683 1832 1740 omnium

564 1781 909 1854 seculorum,
933 1785 992 1841 &
1016 1781 1474 1840 dominationem
1498 1781 1615 1838 eius
1637 1783 1835 1839 omni-

565 1903 670 1940 um
695 1884 1132 1960 generationum
1163 1883 1271 1941 esse
1300 1928 1315 1952 ,
1365 1882 1423 1938 ἃ
1456 1896 1591 1938 tunc
1641 1881 1833 1938 omnis

564 2002 698 2041 caro
722 1984 1023 2042 benedicet
1049 1984 1274 2041 nomini
1304 1982 1495 2040 saneto
1523 1982 1641 2039 eius
1669 1981 1728 2038 in
1745 1980 1832 2038 se·-

563 2085 709 2140 cula-
746 2083 823 2141 Et
850 2103 921 2142 ne
949 2083 1223 2161 prolixior
1251 2081 1318 2139 fit
1337 2081 1659 2139 exhortatio
1681 2100 1842 2150 mea,

562 2203 738 2258 quam
771 2199 998 2261 oportet
1026 2231 1040 2255 ‚
1080 2185 1395 2261 praesertim
1420 2181 1493 2239 ad
1519 2201 1654 2241 eum
1680 2227 1694 2250 ‚
1724 2201 1829 2238 cu-

565 2283 649 2339 ius
676 2283 811 2340 vitae
857 2303 921 2340 ac
953 2283 1230 2340 doetrinae
1258 2305 1460 2343 omnes
1507 2282 1823 2341 imitatores

562 2380 757 2439 sumus
785 2426 800 2449 ,
836 2383 895 2438 δε
918 2381 1024 2437 esse
1060 2382 1338 2440 debemus
1370 2430 1385 2454 ,
1432 2383 1502 2440 ad
1525 2379 1826 2440 exordium

563 2482 933 2546 enarrationis
977 2501 1071 2538 me
1124 2484 1419 2542 conferam
1448 2532 1464 2556 ,
1494 2503 1667 2561 quam
1716 2481 1826 2538 ali-

562 2585 841 2662 quantulo
864 2582 1028 2638 altius
1060 2600 1312 2659 repetam
1341 2631 1354 2654 ,
1405 2599 1464 2641 vt
1498 2584 1587 2641 *fic
1618 2580 1821 2638 clarius

563 2685 868 2745 ostendam
891 2729 907 2754 ,
943 2682 1149 2761 quibus
1201 2684 1498 2762 principiis
1538 2684 1662 2739 haec
1695 2679 1822 2735 san-

1626 2779 1799 2841 &istis
