1915 3190
515 194 617 269 386
909 210 1406 252 toANN15111.

483 316 680 367 tionem
704 314 896 368 veniret
926 339 937 367 :
964 318 1031 367 it]
1078 319 1215 367 enirn
1255 320 1304 370 &
1332 316 1533 368 Oceani
1593 315 1763 370 Indici

477 407 576 459 late
603 407 802 458 domini
836 447 848 467 ,
891 410 940 458 &
984 409 1219 459 aduersus
1257 409 1556 460 Turcarum
1611 425 1768 476 expe-

471 500 692 550 ditiones
719 501 814 551 tuti
859 500 1242 553 futurieramus
1277 538 1290 558 ‚
1321 501 1337 569 (
1367 517 1487 551 nam
1534 501 1584 551 hi
1615 496 1761 550 clail'e

480 593 677 662 ingenti
703 592 753 642 in
785 592 882 643 fine
912 591 1119 645 Arabici
1149 592 1280 642 smus
1332 606 1628 661 comparata
1660 633 1671 653 ,
1720 598 1771 648 fe

476 703 569 754 per
600 685 756 736 maris
784 685 920 737 rubri
974 686 1097 736 ostia
1147 689 1417 754 egressuros
1454 723 1466 743 ,
1519 685 1769 756 nobisque

484 775 677 826 bellum
708 794 771 825 ex
799 795 856 825 ea
881 777 1000 825 vrbe
1022 775 1248 825 illaturos
1276 773 1648 842 minabantur):
1681 778 1770 830 has

487 885 507 915 (
526 870 556 917 b
586 867 756 916 causas
779 867 905 916 nihil
927 883 1147 933 vnquam
1180 902 1194 923 ,
1222 865 1520 934 fimulatque
1559 888 1768 939 regnare

486 958 745 1026 coepin'us
777 994 790 1015 ,
821 956 1104 1013 neomaius
1141 973 1233 1005 nec
1279 957 1538 1024 antiquius
1587 961 1769 1011 habui-

474 1070 589 1104 mus
618 1089 630 1108 ‚
664 1068 817 1119 quam
844 1064 896 1101 vt
924 1068 979 1099 ea
1005 1049 1185 1099 ciuitas
1212 1050 1363 1102 nostri
1394 1052 1517 1103 iuris
1544 1054 1593 1105 &
1618 1069 1767 1123 pote-

474 1141 612 1194 statis
640 1140 941 1191 efficeretur.
986 1139 1321 1209 Qlamquam
1369 1160 1485 1192 vero
1534 1162 1562 1194 a
1589 1145 1769 1197 nostris

471 1232 686 1284 ducibus
711 1271 723 1291 ,
763 1232 1117 1303 praefestisque
1145 1233 1355 1284 strenuae
1375 1222 1614 1287 aduersus
1642 1255 1765 1288 ean-

470 1324 586 1373 dem
617 1324 967 1391 expeditiones
996 1323 1234 1392 susceptae
1286 1324 1437 1376 effent
1467 1363 1480 1384 ‚
1530 1326 1766 1395 nihilque

472 1418 688 1468 omnino
718 1419 777 1467 ab
806 1418 884 1467 his
907 1417 1037 1467 foret
1089 1418 1474 1486 praetermissum
1505 1458 1518 1480 ‚
1546 1437 1650 1487 quo
1682 1437 1768 1470 vr-

469 1508 528 1557 bs
551 1508 880 1558 munitiffima
939 1508 1400 1576 poffetyexpugnari
1433 1529 1444 1558 ε
1475 1521 1669 1568 tamen,
1696 1512 1764 1562 ob

469 1594 574 1645 loci
619 1611 850 1648 naturam
881 1597 1335 1666 inexpugnabilem
1365 1634 1377 1654 ,
1408 1596 1534 1666 saepe
1581 1616 1638 1646 ea
1685 1615 1763 1648 res

476 1687 657 1740 frustra
685 1702 876 1741 tentata
901 1689 987 1740 est.
1021 1690 1229 1757 Qiippe
1255 1687 1368 1737 vrbs
1402 1687 1564 1738 Dium
1593 1689 1644 1739 in
1672 1709 1764 1740 ex-

471 1796 636 1834 tremo
688 1785 1042 1854 promontorio
1087 1783 1219 1832 finus
1248 1779 1546 1850 Canticolpi
1588 1783 1678 1834 sxta
1714 1787 1765 1838 δε

473 1874 622 1944 super
649 1876 758 1926 saxi*
782 1877 1039 1946 crepidine
1068 1875 1272 1925 fundata
1304 1913 1317 1932 ‚
1352 1872 1532 1923 validis
1561 1876 1718 1926 muris
1743 1913 1761 1935 ,

472 1967 790 2036 turribusque
823 2007 834 2027 ,
877 1982 1028 2034 atque
1063 1966 1400 2039 ¹omnifariam
1451 1965 1605 2016 aeneis
1659 1979 1764 2018 tor-

473 2060 664 2110 mentis
694 2061 1024 2130 vndequaque
1051 2062 1275 2130 cingitur
1301 2093 1315 2116 ‚
1343 2057 1585 2111 introrsus
1606 2077 1722 2109 vero
1747 2098 1762 2120 ,

481 2166 579 2214 qua
612 2148 709 2198 sese
737 2162 912 2217 portus
938 2152 1119 2221 recipit
1149 2188 1162 2209 ,
1213 2148 1300 2218 qui
1348 2148 1397 2198 &
1440 2148 1541 2217 ipse
1583 2149 1764 2201 validis

473 2236 666 2284 catenis
695 2237 947 2289 clauditur
976 2277 988 2298 ,
1037 2239 1162 2289 adeo
1188 2235 1402 2288 munEtis
1448 2251 1554 2289 tam
1583 2241 1643 2290 ab
1670 2256 1755 2291 vr-
1782 2306 1787 2307 ⁷

476 2325 539 2374 be
565 2340 718 2391 quarn
748 2341 774 2373 a
802 2327 972 2378 medio
1013 2329 1139 2379 mari
1169 2328 1565 2399 propugnaculis
1607 2328 1766 2379 valla-

476 2431 526 2469 ta
553 2415 620 2466 est
642 2453 654 2474 ‚
677 2429 728 2466 vt
755 2434 873 2467 cum
901 2436 989 2485 per
1015 2421 1262 2488 spatium,
1292 2422 1423 2472 iuter
1450 2419 1553 2489 ipsa
1573 2440 1764 2490 propu-

476 2513 695 2582 gnacula
722 2512 1026 2563 interiacens
1058 2554 1071 2573 ,
1117 2519 1334 2568 nauibus
1359 2517 1516 2567 modo
1545 2515 1714 2567 inuadi
1744 2550 1761 2574 ,

476 2604 863 2676 oppugnarique
886 2603 1046 2656 valeat
1075 2642 1092 2664 ‚
1117 2607 1332 2675 (etenim
1357 2625 1386 2658 a
1408 2604 1688 2658 continenti
1708 2604 1765 2663 inl

1611 2715 1727 2749 mo-
