1965 3256
593 239 696 312 136
998 255 1284 295 DAMIAM
1335 258 1373 294 A
1418 257 1565 297 GoES

544 362 765 412 ›bsidium
784 360 1025 432 implorat
1053 400 1069 422 ,
1092 364 1349 415 affirmans
1378 366 1394 433 ζ
1426 366 1494 416 ita
1516 375 1567 414 vt
1587 379 1661 413 res
1689 360 1817 431 erat)

547 455 752 505 circiter
775 468 981 505 centnm
1010 455 1199 506 milites
1221 456 1322 506 iam
1360 456 1555 523 periiffe
1583 493 1598 514 ‚
1623 456 1821 506 ducen-

545 563 627 602 tos
654 570 770 601 vero
798 563 883 600 aut
918 550 1205 601 vulneratos
1231 589 1245 609 ,
1282 565 1366 601 aut
1397 551 1514 618 igne
1562 550 1819 601 ambustos

547 643 660 693 effe.
705 643 829 711 QJO
848 645 1038 693 nuncio
1065 656 1273 701 accepto
1305 680 1317 700 ‚
1345 641 1623 692 Gratianus
1650 660 1678 691 a
1697 642 1822 692 No·-

537 735 704 785 ronha
730 773 745 794 ,
774 735 859 803 qui
886 737 1036 786 tertio
1057 735 1167 785 idus
1195 731 1505 803 Septembris
1531 733 1584 783 in
1613 729 1821 785 Indiam

546 827 651 877 iam
681 827 870 877 Prorex
897 827 1177 897 designatus
1206 827 1466 895 appulerat
1487 863 1502 885 ,
1531 826 1612 875 cui
1637 823 1817 875 Noni-

546 936 605 969 us
633 936 662 967 a
687 915 874 968 Cunha
900 918 1003 968 iam
1031 920 1230 969 cesserat
1256 918 1371 968 loco
1395 956 1407 976 ‚
1436 917 1614 967 nolens
1631 915 1821 982 ampli-

549 1029 608 1060 us
670 1012 938 1079 expectare
974 1013 1175 1070 classes,
1218 1032 1328 1081 quae
1365 1014 1418 1062 in
1445 1012 1612 1061 littore
1652 1011 1713 1059 ad
1742 1028 1823 1059 re-

536 1102 745 1168 gionem
773 1102 1036 1152 tutandam
1065 1100 1450 1152 Charmandelii
1467 1104 1516 1150 &
1542 1101 1672 1150 finus
1694 1101 1820 1150 Per-

541 1191 627 1242 fici
666 1193 991 1243 versabantur
1021 1230 1034 1251 ,
1064 1193 1230 1243 subito
1278 1194 1532 1261 aliquibus
1561 1194 1776 1243 nauibus
1796 1228 1815 1251 ,

540 1297 607 1331 ex
655 1281 728 1330 eis
763 1300 886 1350 quas
920 1280 1090 1331 secum
1139 1299 1201 1331 ex
1253 1281 1515 1333 Lufitania
1561 1283 1776 1335 duxerat
1799 1320 1814 1342 ,

540 1370 788 1422 associatis
840 1372 940 1423 illis
991 1390 1115 1440 quas
1156 1372 1363 1424 Nonius
1403 1393 1432 1424 a
1458 1372 1649 1425 Cunha
1697 1387 1816 1425 ante

538 1468 693 1537 ipsius
737 1469 1015 1519 aduentum
1061 1468 1359 1520 instruxerat
1382 1507 1396 1528 ,
1441 1469 1491 1519 se
1517 1471 1579 1520 ad
1605 1469 1814 1538 nauiga-

542 1559 739 1609 tionem
768 1561 1060 1628 componit.
1131 1559 1369 1610 Nauium
1409 1572 1581 1611 autem
1612 1561 1812 1611 catalo-

539 1669 633 1719 gus
660 1652 742 1701 hic
794 1667 917 1703 erat.
964 1651 1259 1704 Duodecim
1297 1671 1498 1720 magnae
1537 1654 1812 1712 onerariae,

539 1741 641 1791 fine
670 1743 906 1792 holcades
934 1764 945 1793 :
984 1742 1202 1793 sedecim
1229 1741 1478 1793 rostra&ae
1498 1781 1511 1802 ,
1539 1761 1661 1811 quas
1682 1740 1817 1793 Gal·

537 1833 710 1885 ]eones
758 1854 1001 1886 vocamus
1025 1874 1038 1895 ,
1068 1853 1282 1903 quarum
1329 1834 1589 1884 nonnullae
1618 1831 1816 1902 ingenti

539 1920 708 1972 forma
732 1960 746 1981 ,
791 1924 840 1974 &
866 1925 1142 1974 admodum
1171 1924 1348 1975 validae
1398 1936 1575 1974 erant:
1621 1921 1807 1992 viginti

538 2018 588 2068 δε
610 2018 834 2087 quinque
859 2020 1015 2088 agiles
1035 2038 1188 2070 naues
1218 2058 1232 2079 ,
1263 2037 1385 2088 quas
1414 2016 1706 2070 Carauellas
1731 2016 1814 2067 di-

540 2113 706 2163 cimus
737 2150 751 2170 ,
797 2131 897 2180 quo
948 2131 1130 2182 genere
1177 2114 1388 2164 nauium
1439 2112 1530 2163 soli
1582 2109 1812 2163 Lusitani

540 2217 780 2256 Vtuntur:
830 2208 1012 2276 viginti
1038 2211 1085 2260 &
1112 2226 1299 2258 nouem
1326 2208 1555 2257 triremes
1577 2244 1591 2264 ‚
1618 2206 1809 2255 haben-

543 2307 618 2346 tes
644 2317 960 2368 vnaquaeque
987 2303 1171 2372 viginti
1195 2305 1245 2354 &
1272 2303 1358 2352 sex
1383 2300 1591 2352 transtra
1615 2321 1627 2350 :
1659 2300 1811 2368 quin-

540 2386 708 2437 decim
736 2390 971 2441 adhiariae
989 2430 1002 2451 ,
1024 2394 1072 2443 &
1092 2393 1274 2461 viginti
1298 2392 1610 2443 celoces2hae
1630 2407 1809 2440 omnes

540 2480 601 2530 ad
643 2481 1030 2533 dimicationem
1080 2498 1267 2552 paratae
1311 2496 1490 2541 erant,
1536 2497 1687 2550 atque
1727 2481 1806 2530 in*

539 2575 676 2642 genti
700 2593 912 2627 numero
934 2588 1313 2626 tormentorum
1353 2574 1626 2625 instrufflae.
1665 2571 1807 2621 Ade-

535 2680 648 2720 rant
672 2668 720 2719 &
747 2666 855 2723 aliae
883 2685 996 2736 quae
1023 2677 1372 2719 commeatum
1399 2665 1645 2716 ferebant.
1690 2658 1808 2709 Ha·-

1621 2752 1769 2803 bebat
