1998 3256
573 265 637 321 18
927 283 1208 321 DAMIANI
1256 286 1297 321 A
1337 286 1488 323 oosss

566 382 888 452 Alphonsum
928 423 942 442 ,
995 403 1267 459 antequam
1317 391 1551 461 praelium
1601 392 1750 446 iniret
1790 408 1814 457 ,'

567 475 824 529 Christum
882 481 933 531 in
980 499 1126 533 cruce
1174 485 1453 554 appensum
1526 485 1580 536 in
1631 489 1814 540 aethere

565 571 873 641 conspexiffe
893 611 906 632 ,
947 575 993 624 ei
1021 576 1291 630 victoriam
1318 580 1649 647 pollicentem
1685 619 1700 640 ,
1732 595 1810 632 at-

562 682 659 732 que
702 666 882 716 ducem
925 667 1021 716 fide
1060 667 1354 737 flagrantem
1382 671 1453 720 ita
1480 668 1806 740 respondisse.

563 762 795 814 Domine
845 783 963 815 cum
1002 780 1139 817 certo
1185 767 1336 818 sciam
1370 806 1383 827 ,
1418 781 1466 818 te
1493 768 1655 820 filium
1708 765 1811 817 Dei

558 861 651 910 effe
677 896 690 917 ,
731 859 1009 927 mundique
1036 878 1210 912 verum
1240 859 1555 912 Seruatorem
1574 900 1587 920 ,
1617 879 1718 912 non
1745 858 1814 909 est

557 954 698 1020 quod
723 968 770 1004 te
797 955 924 1005 mihi
952 955 1429 1008 demonstres.Vade
1455 974 1592 1026 ergo,
1619 956 1807 1023 inquit,

556 1043 779 1096 hostibus
806 1060 906 1097 tuae
934 1047 1194 1116 religionis
1232 1061 1281 1097 te
1324 1065 1382 1098 ea
1424 1047 1534 1114 lege
1560 1044 1759 1095 ostende
1791 1081 1807 1102 ‚

557 1154 609 1189 vt
653 1159 744 1190 nos
772 1141 922 1190 tantis
949 1141 1098 1190 malis
1125 1159 1383 1199 careamus
1408 1177 1422 1197 ‚
1465 1137 1654 1205 ipfique
1698 1155 1807 1187 cre-

555 1231 677 1280 dant
708 1269 722 1289 ‚
767 1234 1170 1301 cognoscantque
1199 1232 1270 1283 tui
1298 1230 1450 1280 solius
1475 1247 1598 1279 nece
1616 1265 1631 1288 ‚
1654 1246 1809 1280 mun-

555 1329 681 1376 dum
709 1328 877 1378 viuere
901 1366 915 1387 ,
943 1330 992 1388 &
1017 1328 1210 1379 saluum
1241 1327 1353 1377 effe.

660 1416 749 1469 OB
793 1421 927 1488 quod
954 1421 1258 1471 miraculum
1302 1417 1429 1469 scuti
1478 1416 1576 1467 basi
1602 1456 1614 1476 ,
1668 1420 1805 1486 quod

549 1507 651 1557 albi
680 1509 922 1560 duntaxat
943 1512 1127 1562 coloris
1170 1525 1291 1562 tunc
1341 1510 1586 1578 temporis
1613 1508 1803 1560 Alfon-

549 1601 634 1651 sus
668 1602 772 1670 ipse
810 1603 1026 1670 gestabat
1049 1642 1063 1663 ,
1109 1605 1333 1672 quinque
1360 1603 1601 1665 caeruleos
1629 1603 1803 1670 clype-

549 1707 606 1739 os
627 1727 640 1748 ,
682 1708 773 1758 pro
799 1692 1013 1742 deuictis
1041 1680 1267 1761 quinque
1315 1693 1514 1760 regibus
1544 1711 1557 1754 3
1587 1691 1800 1758 clypeis-

547 1801 647 1852 que
675 1784 874 1834 cunctis
908 1823 919 1843 ,
965 1786 1017 1845 in
1045 1784 1233 1839 Christi
1261 1786 1523 1856 plagarum
1551 1783 1799 1834 memori-

544 1895 629 1925 am
651 1915 665 1934 ,
696 1877 918 1946 quinque
944 1880 1058 1930 alba
1082 1879 1271 1953 puncta
1301 1918 1312 1936 ,
1343 1876 1686 1946 quincunciali
1713 1895 1799 1926 or-

543 1968 659 2018 dine
688 1967 800 2025 Rex
827 1969 929 2037 ipse
954 1969 1455 2037 subnexuit.Q1ibus
1476 1966 1626 2037 signis
1649 1968 1709 2027 ab
1733 1984 1795 2016 eo

541 2061 695 2128 xsque
722 2077 950 2131 tempore
973 2063 1244 2123 Lufitaniae
1261 2062 1431 2132 Reges
1458 2059 1654 2121 summa
1673 2077 1795 2119 Cum

541 2153 823 2202 reuerentia
851 2167 1059 2203 Vtuntur
1081 2191 1094 2212 ‚
1130 2172 1288 2221 eaque
1310 2152 1556 2203 continuo
1585 2151 1650 2201 ob
1677 2168 1793 2218 my-

538 2241 803 2293 steriorum
852 2245 1065 2313 gloriam
1118 2247 1260 2295 omni
1288 2244 1459 2294 debito
1485 2243 1677 2293 honore
1702 2228 1793 2292 dev·

538 2335 861 2393 osculantur,
891 2338 1388 2405 amplectunturque.
1426 2337 1490 2388 In
1514 2336 1697 2402 quibus
1724 2335 1790 2385 il-

535 2426 624 2475 lud
664 2428 817 2478 etiam
859 2428 1074 2496 mysterii
1101 2465 1113 2484 ,
1164 2427 1289 2478 scitu
1327 2429 1541 2497 dignum
1565 2467 1579 2488 ‚
1620 2424 1743 2478 inest
1774 2461 1789 2497 ‚⁹

536 2517 671 2583 quod
719 2516 751 2565 si
790 2518 1013 2586 quinque
1047 2517 1267 2586 praefatis
1310 2518 1502 2586 clypeis
1530 2556 1545 2575 ,
1603 2532 1786 2567 nume-

537 2632 649 2667 rum
689 2616 921 2663 omnium
968 2614 1276 2681 punctorum
1315 2613 1557 2679 adiungas
1587 2649 1603 2670 ‚
1629 2608 1782 2660 ratio-

536 2729 655 2761 nem
683 2711 889 2780 triginta
911 2711 1234 2769 denariorum
1259 2706 1495 2776 reperies.
1518 2705 1642 2772 Qo
1668 2703 1782 2769 qui-

1626 2797 1745 2846 dem
