1931 3239
284 241 518 291 mmsrs
549 231 729 280 vR‘Brs
778 241 1180 280 oPPvGNM-to
1282 246 1383 300 127

160 355 308 410 batur
343 352 710 422 quinquaginta
752 349 1006 400 militibus
1041 368 1053 398 ε
1092 345 1304 398 secunda
1333 368 1422 399 au-

162 460 267 498 tem
315 440 590 510 sexaginta.
641 438 763 490 Erat
807 449 1015 505 Vtraque
1054 435 1255 486 munita
1280 438 1421 488 omni

157 558 211 592 re
233 574 248 596 ,
286 535 336 586 &
361 534 420 584 ad
447 533 642 584 vidium
679 532 729 582 &
752 529 1099 580 defenfionem
1133 529 1439 580 neceffarias

156 628 240 680 Ab
265 627 351 680 illa
396 644 544 678 nouae
568 624 703 677 vrbis
727 625 853 675 turri
883 661 896 681 ,
924 623 1006 672 cui
1037 621 1298 691 sexaginta
1325 623 1427 672 mi-

156 722 273 774 lites
300 719 528 789 praesidio
566 731 709 769 erant
731 755 743 776 ,
792 716 956 767 hostes
981 715 1186 765 lacessiti
1225 752 1237 774 ,
1258 729 1309 765 vt
1342 716 1431 766 illa

160 810 388 861 molestia
412 810 747 861 liberarentur
774 845 789 867 ,
816 820 932 857 ante
980 825 1095 857 eam
1120 807 1310 857 vallum
1338 824 1430 857 ex-

158 916 335 955 truunt
364 941 379 963 ‚
406 920 463 953 ac
491 903 612 953 duas
628 915 791 953 ‘turres
821 939 835 962 ‚
860 902 1001 969 quod
1029 915 1078 951 vt
1099 901 1429 952 commodius

157 996 381 1049 facerent
403 1034 418 1056 ,
467 997 599 1047 aedes
642 997 938 1065 magnificas
982 997 1223 1064 quasdam
1247 1036 1260 1056 ‚
1317 1016 1430 1066 qua:

160 1091 285 1141 turri
320 1089 616 1140 adiacebant
645 1127 658 1146 ‚
706 1091 894 1141 ictibus
934 1105 1312 1143 tormentorum
1339 1094 1430 1142 de-

160 1181 345 1233 iiciunt
373 1219 386 1240 ‚
445 1194 597 1248 atque
647 1179 813 1231 subito
851 1183 1034 1231 turrim
1057 1221 1070 1241 ,
1131 1185 1384 1234 machinis
1421 1223 1434 1243 ,

159 1274 463 1333 tormentis,
491 1273 751 1343 amphoris
783 1311 799 1333 ‚
843 1275 892 1324 δε
935 1276 1101 1344 globis
1145 1277 1305 1346 igneis
1343 1295 1432 1345 pe-

160 1382 313 1420 tunt:
367 1387 470 1437 quo
508 1368 785 1419 certamine
819 1369 972 1419 turris
1013 1372 1075 1421 ab
1127 1390 1226 1422 vno
1279 1373 1434 1423 latere

160 1462 402 1520 finditur,
455 1475 606 1530 atque
646 1462 846 1511 ruinam
878 1463 1063 1514 minari
1094 1467 1266 1534 caepit.
1314 1468 1432 1518 No-

164 1551 379 1606 strorum
403 1574 464 1606 eo
489 1556 570 1606 die
604 1554 865 1606 desiderati
911 1557 1026 1609 sunt
1048 1561 1277 1628 quinque
1305 1599 1317 1619 ‚
1364 1578 1432 1611 ex

162 1644 384 1698 hostibus
410 1644 601 1714 plures.

268 1740 582 1804 SEQENTI
612 1759 729 1793 vero
756 1743 840 1793 die
865 1781 877 1802 ,
907 1746 1186 1796 certamine
1212 1746 1436 1796 redinte-

161 1846 303 1900 grato
330 1871 342 1892 ,
371 1833 421 1882 vi
449 1848 824 1886 tormentorum
845 1837 1045 1888 &tuum
1073 1839 1224 1889 turris
1251 1840 1304 1888 in
1331 1840 1427 1889 du·-

165 1944 219 1978 as
255 1939 419 1994 partes
446 1926 514 1976 ita
540 1927 641 1977 fiffa
690 1927 757 1976 est
785 1965 799 1985 ‚
845 1942 897 1978 vt
949 1929 1191 1979 inoffense
1222 1931 1322 1980 tela
1347 1950 1435 2000 per

165 2020 390 2071 mediam
416 2018 597 2068 turrim
625 2020 918 2071 euaderent,
963 2021 1083 2089 Qa
1110 2040 1161 2072 re
1187 2024 1248 2072 ab
1278 2022 1433 2072 hosti-

163 2113 255 2162 bus
282 2110 542 2179 perspe'cffa
561 2150 574 2171 ,
604 2111 769 2164 subito
796 2114 1111 2182 praemittunt
1135 2115 1236 2165 duo
1270 2116 1437 2168 millia

162 2204 470 2257 selectorum
516 2208 744 2260 miiitum
772 2245 786 2268 ,
836 2224 893 2260 vt
936 2210 1119 2260 turrim
1168 2228 1433 2281 expugna-

160 2314 271 2350 rent
302 2339 314 2360 ,
342 2301 429 2368 qui
458 2319 484 2350 a
510 2299 684 2350 nostris
715 2338 728 2359 ,
759 2318 858 2351 non
886 2301 985 2352 fine
1037 2320 1226 2374 magna
1252 2324 1433 2356 eorum

159 2394 324 2452 clade,
350 2395 397 2445 &
424 2395 665 2445 dedecore
703 2395 879 2464 repulfi
902 2395 1034 2447 sunt.
1071 2398 1218 2449 Dum
1245 2399 1353 2449 haec
1381 2418 1434 2450 a-

161 2500 351 2554 guntur
382 2525 395 2546 ,
419 2489 684 2538 tormentis
708 2489 837 2539 arcis
863 2490 1048 2543 euersae
1069 2490 1183 2543 sunt
1203 2494 1314 2543 duae
1337 2492 1431 2540 ho-

155 2575 305 2629 stium
332 2577 562 2630 triremes
590 2616 604 2638 ,
644 2595 707 2628 ex
733 2580 919 2647 quibus
963 2579 1128 2633 solum
1169 2596 1268 2633 tres
1289 2580 1435 2632 Tur-

153 2688 228 2727 cae
250 2672 473 2724 natando
498 2671 794 2727 euaserunt.
841 2673 980 2728 Tres
1006 2678 1164 2730 etiam
1203 2677 1313 2727 aliae
1344 2675 1436 2724 tri-

1240 2783 1402 2818 remes
