1965 3256
568 233 674 289 286
994 251 1275 287 DAMIANI
1306 251 1344 286 A
1374 247 1521 286 coes

569 353 676 404 iam
718 351 897 404 seculis
945 354 1329 405 constantiffime
1392 351 1699 403 conseruerit
1728 389 1741 408 ‚
1791 355 1840 404 &

566 457 857 509 quanquam
885 441 1070 490 interea
1094 479 1107 498 ‚
1137 439 1257 490 sicut
1279 442 1326 491 διε
1353 441 1500 490 hodie
1520 478 1533 499 ‚
1555 442 1777 507 undique
1812 460 1840 492 a

568 537 798 596 Mauris,
845 539 894 588 &
937 536 1192 587 Saracenis
1253 536 1575 588 Mahumetis
1620 538 1838 588 cultori·

563 636 658 685 bus
678 673 690 694 ,
720 635 943 701 itemque
969 632 1194 682 idolatris
1225 669 1237 689 ‚
1257 632 1391 682 velut
1422 632 1662 700 indagine
1681 670 1693 691 ‚
1727 634 1837 682 cin-

569 728 654 778 &a
683 765 697 785 ‚
722 740 901 776 vexata
921 763 933 784 ,
974 742 1362 792 oppugnataque
1399 724 1549 774 fuerit
1581 763 1596 782 ,
1640 743 1740 774 non
1763 740 1838 775 ta-

569 840 690 874 men
733 839 790 870 ea
835 819 957 870 saeva
1004 817 1325 868 Mahumetis
1374 819 1637 887 tempestas
1661 856 1673 878 ‚
1728 838 1836 886 quae

563 920 861 971 Romanum
881 909 1153 976 imperium
1176 925 1295 959 curn
1313 908 1600 960 Christiana
1621 910 1834 978 reiigio-

570 1032 635 1062 ne
661 1026 724 1058 ex
748 1005 973 1057 maxima
1009 1016 1148 1068 parte
1187 1000 1307 1050 alibi
1349 1000 1550 1050 disiecit
1588 1037 1601 1058 ,
1630 1001 1838 1051 AEthio-

569 1097 705 1164 piam
730 1132 743 1152 ,
783 1107 867 1144 aut
892 1091 1083 1140 ditione
1107 1127 1120 1147 ,
1159 1102 1244 1138 aut
1268 1088 1514 1156 religione
1542 1088 1625 1138 sua
1652 1088 1836 1155 spolia-

570 1203 624 1234 re
646 1201 865 1250 vnquarn
896 1180 1136 1250 potuerit.
1179 1177 1294 1227 Nec
1319 1177 1370 1227 id
1391 1178 1596 1243 quidem
1625 1177 1838 1238 mirum,

567 1293 687 1325 cum
714 1274 765 1324 hi
792 1271 1083 1337 sEthiopici
1112 1268 1277 1336 Reges
1305 1305 1318 1327 ,
1369 1269 1431 1317 ab
1459 1267 1639 1316 iisdem
1675 1267 1839 1318 Davi-

564 1367 627 1417 de
653 1382 709 1414 ac
737 1363 1003 1414 Salomone
1033 1399 1046 1420 ,
1089 1379 1117 1409 a
1142 1359 1325 1427 quibus
1356 1358 1667 1410 Sannffiffima
1698 1359 1832 1408 Dei-

570 1477 690 1528 para
716 1456 876 1525 Virgo
904 1495 917 1514 ,
960 1453 1163 1522 ipseque
1205 1449 1434 1501 Christus
1477 1451 1706 1501 Servator
1746 1471 1842 1522 no-

573 1549 699 1606 ster,
722 1565 877 1616 genus
913 1563 969 1596 ac
1001 1543 1210 1592 stemma
1227 1539 1369 1588 suum
1406 1556 1708 1601 numerent,
1749 1541 1833 1592 cui

575 1638 635 1688 sit
654 1638 845 1694 honor,
871 1637 920 1686 δε
947 1650 1111 1691 nunc,
1138 1633 1185 1681 ἃ
1213 1629 1434 1696 semper,
1462 1630 1653 1681 Arnen.

1677 2729 1830 2786 DE.
