1965 3256
549 228 659 279 ‘124'
944 229 1229 266 DAMIANI
1285 228 1323 265 A
1373 228 1526 268 GOES

545 335 633 403 qui
663 334 763 383 iam
808 331 897 382 soli
939 352 1027 403 per
1070 334 1336 385 ciuitatem
1381 338 1730 407 vagabantur,
1756 336 1812 388 {a

545 443 714 474 arcem
742 424 1100 492 confugerunt.
1149 424 1275 474 Dux
1302 426 1430 476 arcis
1459 428 1676 477 nomine
1699 425 1812 476 An·

546 518 718 567 tonius
768 536 795 566 a
823 516 1077 584 Sylueira‚
1134 516 1208 566 vir
1237 516 1438 569 summo
1477 520 1595 570 loco
1621 532 1770 570 natus
1794 556 1812 578 ,

548 610 721 678 magni
770 609 930 658 animi
956 647 970 667 ‚
1018 609 1316 678 ingeniique
1365 611 1592 679 (virtute
1618 631 1736 663 vero
1765 612 1820 662 δε

551 700 821 769 prudentia
871 699 1023 750 fratre
1077 699 1163 749 suo
1203 700 1475 752 Ludouico
1524 720 1556 751 a
1591 701 1818 770 Sylueira

546 791 759 843 Comite
783 813 811 843 a
837 793 1064 844 Sortelha
1092 812 1193 843 non
1225 794 1434 844 inferior
1466 791 1484 860 )
1529 795 1705 845 omnia
1753 795 1816 845 ad

546 885 891 936 desenfionem
943 884 1221 935 obfidionis
1260 885 1525 935 neceffarIa
1569 885 1813 952 disponit.

549 975 789 1026 Habebat
817 978 1005 1026 milites
1036 976 1306 1027 Lusltanos
1334 976 1676 1045 septingentos
1695 1015 1708 1037 ,
1735 977 1816 1026 in-

547 1079 751 1134 terquos
778 1067 982 1116 ducenti
1013 1067 1319 1117 virinobiles
1343 1081 1504 1117 erant.
1548 1067 1703 1118 Nihil
1728 1070 1817 1119 de-

547 1178 653 1216 erat
685 1160 959 1214 defenfioni
981 1197 996 1218 ,
1044 1172 1223 1227 praeter
1250 1156 1610 1207 bombardium
1635 1157 1816 1224 pume-

546 1277 656 1310 rem
685 1296 698 1316 ,
745 1257 890 1306 cuius
918 1266 1117 1304 tantum
1165 1250 1423 1319 sexaginta
1449 1249 1613 1301 millia
1641 1252 1814 1319 pondo

548 1348 765 1398 habebat
792 1383 806 1404 ,
851 1343 1023 1395 &tria
1073 1340 1183 1392 vasa
1231 1340 1455 1409 pulueris
1498 1339 1818 1390 manualium

552 1441 640 1507 (vt
682 1449 868 1489 vocant
896 1433 912 1501 )
942 1433 1364 1486 bombardarum.
1410 1430 1637 1482 Deerant
1662 1430 1818 1481 etiam

548 1554 641 1604 pro
666 1532 826 1583 tantis
876 1528 1098 1580 hostium
1139 1526 1303 1595 copiis
1329 1524 1555 1582 milites,
1594 1523 1687 1574 nifi
1723 1541 1817 1573 no-

550 1626 631 1676 stri
685 1625 893 1675 suorum
967 1619 1277 1686 paucitatem
1345 1617 1529 1667 virtute
1565 1613 1820 1681 pensauis-

550 1715 678 1766 sent.
727 1712 931 1763 Interea
974 1709 1074 1758 loci
1100 1745 1112 1765 ,
1141 1708 1242 1755 duo
1270 1707 1423 1755 duces
1472 1704 1614 1773 regni
1655 1702 1818 1754 Cam-

549 1808 678 1858 baiae
709 1846 723 1866 ,
753 1805 1018 1856 Solimano
1046 1801 1271 1851 affociati
1315 1798 1427 1848 sunt
1453 1835 1468 1857 ,
1494 1796 1673 1865 finguli
1698 1814 1818 1847 cum

551 1899 885 1971 quadraginta
933 1896 1149 1945 nauibus
1179 1931 1195 1952 ,
1230 1893 1422 1960 remige
1465 1891 1514 1940 &
1559 1889 1727 1938 milite
1752 1887 1815 1938 ad

550 1994 904 2048 dimicandum
944 1990 1140 2060 optime
1182 1985 1456 2037 instrufiis.
1502 1982 1639 2034 Ecce
1656 1983 1819 2032 adhuc

552 2090 682 2143 adius
726 2087 831 2134 dux
881 2079 1192 2132 terrestrium
1243 2077 1507 2145 copiarum
1544 2074 1819 2123 comitatus-

550 2180 734 2250 viginti
761 2175 990 2227 millibus
1017 2173 1264 2229 militum,
1289 2168 1497 2220 nomine
1526 2164 1656 2217 Coie
1684 2162 1820 2215 Cof-

551 2274 687 2324 farus
718 2307 729 2327 ,
778 2282 923 2317 natus
961 2279 1123 2315 matre
1171 2263 1386 2319 Turca‚
1415 2261 1465 2310 &
1491 2271 1631 2328 patre
1659 2255 1818 2307 Chri-

553 2368 712 2419 stiano
737 2376 850 2411 orto
894 2361 944 2410 in
999 2358 1104 2408 Xio
1133 2356 1290 2407 insula
1315 2394 1328 2414 ‚
1374 2355 1518 2419 <quius
1552 2350 1819 2420 opificium

554 2464 719 2514 fuerat
766 2452 919 2500 rimas
957 2450 1166 2500 nauium
1217 2449 1475 2496 obturare.
1522 2443 1710 2495 Fuerat
1728 2458 1819 2490 au-

555 2560 659 2596 tem
697 2544 778 2593 hic
824 2541 956 2592 Coie
994 2541 1123 2608 Regi
1152 2538 1417 2588 Cambaiae
1442 2575 1457 2596 ‚
1503 2537 1626 2586 dum
1670 2533 1816 2582 viue-

557 2655 631 2694 1et
649 2678 664 2700 ,
687 2635 1049 2689 dileffiffimus,
1083 2631 1182 2683 His
1202 2632 1364 2699 copiis
1387 2628 1698 2681 terrestribus
1724 2640 1820 2673 na«

1646 2715 1781 2770 Bal—1⁴²⁹
