1965 3256
619 245 716 299 182
947 261 1232 307 DAM1AN1
1280 268 1320 307 A
1362 268 1509 310 cons

574 384 676 433 quo
717 366 998 422 Rodericus
1022 392 1142 424 cum
1190 377 1402 448 collegis
1436 380 1722 433 honorifice
1763 400 1857 436 exa

578 461 766 530 cipitur
790 501 803 521 ,
824 481 880 516 ac
908 467 1113 518 tandem
1134 470 1632 538 peractis‘mandatis
1658 512 1671 532 ‚
1700 475 1750 526 δε
1770 494 1856 526 ac-

577 553 738 623 ceptis
763 591 776 612 ,
801 556 861 604 ad
904 556 1299 612 Emmanuelem
1327 561 1525 632 Regem
1551 566 1852 622 remittitur.

571 646 623 696 Is
651 665 770 697 cum
813 648 911 699 suis
935 650 1222 720 Arquicum
1248 655 1509 723 profeeffls
1533 694 1546 716 ,
1597 659 1799 711 classem
1839 697 1855 720 ‚

565 741 709 792 cuius
756 760 941 813 praetor
968 742 1269 800 Luclouicus⁴
1315 748 1578 800 Nlenefius
1603 766 1709 802 erat
1735 791 1750 813 ,
1803 757 1854 807 &

562 855 675 905 quae
703 855 759 888 ea
784 839 843 888 de
864 840 1009 891 causa
1032 844 1291 913 appulerat
1318 882 1331 903 ‚
1358 858 1411 894 vt
1438 863 1523 895 eos
1551 846 1809 897 reduceret
1834 883 1850 908 ,

560 945 663 977 non
686 928 916 988 inuenit,
965 950 1075 999 quae
1100 933 1216 983 illos
1247 972 1261 992 ,
1315 934 1454 1002 quod
1499 933 1654 986 serius
1694 937 1849 987 adue-

557 1033 734 1068 nerant
756 1057 769 1077 ,
802 1021 1070 1086 expectare
1113 1041 1217 1072 non
1243 1024 1412 1089 potuit
1434 1036 1640 1092 propter
1668 1041 1848 1078 vento-

555 1129 669 1160 rum
723 1111 1135 1180 importunitates
1157 1151 1171 1172 ,
1225 1115 1312 1182 qui
1357 1115 1408 1164 in
1468 1115 1572 1165 illis
1634 1117 1797 1185 plagis
1829 1145 1842 1164 t

552 1204 686 1254 miro
711 1219 903 1256 naturae
942 1209 1127 1257 arcano
1153 1245 1166 1266 ‚
1211 1207 1297 1259 sex
1322 1223 1596 1279 perpetuos
1643 1211 1841 1263 menses

549 1312 612 1344 ex
651 1313 751 1345 vno
802 1297 912 1347 caeli
951 1298 1197 1357 climate,
1250 1299 1433 1351 deinde
1477 1301 1662 1353 alteros
1713 1301 1833 1351 illos

549 1389 634 1440 sex
680 1389 878 1441 menses
905 1410 968 1442 ex
993 1391 1202 1443 aduerso
1236 1391 1449 1460 spirant.
1492 1392 1710 1462 Arquici
1752 1392 1843 1442 lit-

551 1498 684 1536 teras
728 1485 925 1536 inuenit
976 1489 1109 1557 apud
1188 1487 1499 1539 Praefectum
1548 1488 1773 1557 oppidi,
1811 1504 1842 1538 a

541 1592 757 1646 praetore
786 1578 1059 1631 Ludouico
1095 1580 1296 1631 relictas
1323 1618 1337 1639 ,
1388 1598 1454 1630 ex
1503 1580 1690 1649 quibus
1730 1579 1834 1631 Re-

498 1737 502 1742 .
537 1675 616 1744 gis
639 1671 994 1723 Emmanuelis
1016 1686 1237 1723 mortem
1286 1672 1569 1741 cognoscit.
1626 1671 1833 1740 Qam-

468 1806 474 1812 -
537 1771 715 1819 obrem
761 1768 949 1819 iterum
982 1768 1036 1818 in
1071 1769 1240 1818 aulam
1263 1766 1484 1818 Preciofi
1515 1765 1727 1817 Ioannis
1748 1783 1831 1815 re-

534 1863 793 1912 deundum
829 1862 921 1912 esse
949 1859 1211 1912 constituit
1244 1899 1259 1920 ,
1298 1880 1401 1930 quo
1429 1859 1628 1911 reuerso
1651 1896 1667 1920 ‚
1708 1859 1831 1917 Pre-

530 1954 695 2008 ciosus
749 1957 967 2008 Ioannes
1034 1958 1094 2006 ad
1158 1957 1463 2007 Romanum
1515 1954 1828 2018 Pontificem

530 2052 703 2102 scribit
737 2091 749 2110 ‚
785 2051 1075 2120 litterasque
1125 2050 1400 2102 Francisco
1440 2049 1658 2100 Aluares
1705 2051 1820 2102 Ro-

527 2163 668 2195 mam
689 2145 917 2196 ferendas
965 2145 1251 2197 commisit.
1288 2144 1333 2196 Ii
1362 2162 1543 2195 omnes
1571 2147 1676 2195 iam
1707 2144 1823 2213 spa-

527 2236 600 2286 tio
626 2237 707 2287 sex
734 2256 989 2289 annorum
1037 2240 1089 2290 in
1116 2239 1219 2289 illis
1260 2237 1545 2309 prouinciis
1576 2247 1818 2287 commo-

525 2331 652 2388 rati,
693 2332 899 2382 tandem
923 2350 1045 2383 cum
1080 2332 1254 2402 legato
1275 2329 1589 2399 Aethiopico
1611 2367 1626 2388 ,
1655 2345 1815 2397 quem

522 2424 785 2476 Preciosus
815 2425 1037 2476 Ioannes
1075 2428 1137 2477 ad
1164 2425 1365 2497 Regem
1409 2423 1636 2477 nostrum
1688 2421 1817 2472 mit-

521 2519 658 2568 tebat
685 2555 698 2575 ‚
750 2515 967 2583 Arquici
1013 2517 1165 2567 aliam
1197 2519 1399 2569 classem
1422 2515 1613 2586 regiam
1640 2549 1656 2570 ,
1700 2524 1815 2578 quae

519 2625 698 2658 eorum
722 2606 867 2657 causa
894 2606 1079 2656 iterum
1128 2622 1331 2659 venerat
1354 2647 1367 2668 ,
1414 2607 1797 2659 conscendunt:-

521 2700 673 2772 ithue
715 2719 848 2753 anno
900 2708 1145 2755 Mnxx'vl
1182 2737 1195 2760 ‚
1233 2700 1403 2754 mense
1448 2698 1642 2770 Aprili.
1675 2695 1805 2747 Inde

1663 2785 1765 2837 :sol-
