1998 3256
534 203 603 259 28
929 217 1222 258 DAMIANI
1276 219 1318 256 A
1371 218 1531 256 cons.

533 324 620 395 plo
647 321 709 372 ad
734 319 926 391 regiam
954 335 1177 375 veterem
1229 341 1384 392 quam
1409 324 1607 395 sanc‘los
1647 332 1804 384 antea

533 413 793 467 nominari
845 414 1070 469 diximus
1103 454 1120 477 ,
1153 416 1238 467 vbi
1285 415 1618 467 meridionale
1661 418 1802 470 vrbis·

533 529 693 562 cornu
735 507 1001 580 posuimus
1029 549 1043 571 ,
1089 510 1257 561 reolus
1309 528 1486 578 margo
1515 543 1531 569 ,«
1576 508 1800 561 secundo

532 600 664 654 mari
686 601 747 650 ab
777 597 993 650 Oriente
1018 597 1206 649 aestiuo
1233 596 1489 665 incipiens
1519 633 1534 655 ‚
1560 596 1614 646 in
1643 593 1801 644 meri-

535 695 774 761 diemque
800 709 1073 742 excurrens
1098 729 1113 752 ,
1143 690 1308 742 millia
1336 689 1563 759 paffuum
1585 689 1681 739 trIa
1699 687 1806 738 fer-

536 806 620 840 me
647 785 826 837 efficit.
872 785 950 836 Eo
972 786 1127 854 igitur
1157 786 1312 837 modo
1363 785 1493 835 latus
1542 784 1640 834 hoc
1667 781 1804 833 vrbis

535 880 666 934 mari
689 878 895 929 ailuitur
924 915 939 936 ,
977 878 1026 928 &
1049 876 1258 945 reliquae
1279 889 1385 926 tres
1411 887 1578 944 partes
1597 873 1799 925 aditum

536 973 726 1023 habent
779 990 809 1022 a
845 983 994 1021 terra.
1042 969 1223 1039 Itaque
1273 970 1490 1021 collibus
1535 970 1759 1039 quinque
1788 1004 1805 1028 ,

536 1065 755 1118 vallibus
781 1065 998 1114 totidem
1039 1062 1389 1122 feracissimis,
1424 1064 1474 1114 &
1512 1060 1808 1114 iucundiffi-

538 1158 639 1208 mis
669 1195 684 1216 ,
728 1159 843 1207 vrbs
883 1169 1025 1206 tanto
1075 1155 1238 1220 spatio
1281 1155 1644 1221 complefi'titur
1672 1191 1686 1214 ,
1739 1157 1813 1207 ita

538 1262 595 1301 vt
620 1247 891 1301 vniuersus
939 1249 1048 1297 eius
1074 1246 1298 1297 ambitus
1341 1246 1533 1317 septem
1579 1249 1813 1299 millibus

537 1335 768 1405 paffuum
794 1333 1038 1402 defignari
1065 1333 1231 1402 poffit.
1271 1330 1484 1386 Certam
1507 1347 1679 1387 autem
1701 1338 1812 1388 eius

541 1426 767 1476 formam
792 1461 806 1483 ,
825 1423 1320 1494 descriptionemque
1349 1463 1364 1487 ‚
1407 1426 1556 1477 facile
1595 1427 1814 1477 delinia-

541 1522 586 1573 ri
614 1519 747 1589 poffe
773 1536 878 1568 non
901 1520 1116 1570 arbitror
1139 1557 1154 1580 ,
1197 1537 1316 1569 cum
1341 1520 1395 1570 in
1423 1520 1531 1571 solo
1556 1519 1814 1581 montosO,

542 1610 818 1680 asperoque
875 1609 965 1662 fita
1007 1610 1086 1662 fit.
1128 1611 1495 1662 Nihilominus
1550 1612 1704 1680 siquis
1749 1629 1818 1666 ex

548 1702 740 1772 oppido
767 1702 974 1753 Almada
1021 1703 1160 1769 quod
1186 1715 1362 1753 contra
1400 1703 1454 1752 in
1491 1703 1727 1753 ulteriore
1753 1703 1817 1753 fi-

551 1814 647 1846 nus
672 1808 812 1863 parte
839 1794 1061 1862 pos1tum
1087 1795 1181 1844 esse
1207 1795 1503 1853 docuimusf
1519 1794 1689 1854 metis,
1718 1794 1825 1845 im-

547 1887 802 1955 motisque
846 1888 1010 1938 oculis
1039 1925 1054 1947 ‚
1113 1888 1251 1938 vrbis
1295 1888 1443 1937 fitum
1493 1888 1820 1956 figuramque

547 1979 670 2032 velit
713 1979 1091 2046 contemplari,
1135 1980 1196 2029 ab
1224 1995 1282 2028 ea
1311 1977 1591 2046 praesertim
1635 1991 1776 2048 parte
1803 2014 1822 2038 ‚

550 2091 650 2141 qua
672 2072 725 2120 in
752 2072 928 2120 vrbem
955 2069 1205 2121 traiicitur
1226 2106 1247 2130 ,ν
1284 2069 1429 2121 illam
1467 2083 1601 2121 certe
1639 2087 1815 2120 veram.

549 2162 723 2214 veficae
743 2159 893 2228 piscis
913 2160 1134 2227 effigiem
1154 2159 1337 2211 referre
1356 2157 1826 2229 comperiet.Q10d

553 2259 588 2310 si
617 2256 780 2306 solum
806 2253 1047 2303 omnibus
1089 2272 1153 2303 ex
1179 2256 1406 2324 partibus
1432 2256 1644 2325 planum
1671 2252 1826 2314 effet,

553 2370 583 2403 a
608 2348 763 2396 latere
810 2343 1021 2395 terrestri
1072 2343 1295 2396 formam
1339 2362 1491 2396 arcus·
1512 2343 1827 2396 demonstra-

555 2455 662 2494 ret:
711 2441 967 2492 interioris
993 2459 1112 2492 vero
1138 2441 1273 2492 vrbis
1296 2442 1582 2508 amplitudo
1600 2478 1614 2500 ,
1642 2441 1693 2492 &
1711 2457 1827 2490 ma·

557 2534 853 2604 gnificentia
871 2573 883 2594 ,
912 2548 1051 2586 tanta
1071 2535 1138 2586 est
1166 2572 1182 2594 ,
1221 2547 1273 2586 vt
1300 2553 1421 2586 cum
1447 2537 1624 2586 ceteris
1650 2533 1827 2586 omni-

557 2634 652 2683 bus
679 2630 897 2700 Europae
923 2630 1128 2685 vrbibus
1150 2666 1168 2690 ,
1213 2630 1262 2682 &
1281 2629 1557 2684 hom-inum
1583 2625 1831 2680 multitu<

1668 2713 1790 2769 dine
