1931 3239
220 226 389 263 FIDES
420 222 667 261 RFLIGIO
699 223 1296 270 MORESQAETHIOP.
1346 234 1443 286 173

159 330 317 398 igitur
351 324 666 394 amplissimis
709 326 1043 385 muneribus,
1092 346 1203 395 quae
1255 332 1317 378 ad
1356 350 1444 397 pa-

162 421 274 471 triae
324 416 399 467 illi
425 415 724 466 desiderium
754 416 1046 466 leniendum
1075 419 1303 469 conceffa
1355 419 1442 468 fu-

162 532 280 571 ere,
341 509 585 578 (quando
625 511 763 560 exire
799 512 1120 578 prouinciam
1167 531 1269 563 non
1319 513 1446 563 lice-

159 607 241 655 bat
267 600 285 669 )
323 619 540 653 onrem
574 604 803 654 nobilem
829 605 975 654 duxit
1001 643 1013 663 ,
1044 623 1106 654 ex
1127 624 1225 673 qua
1254 624 1445 674 quam-

149 697 401 765 plurimos
447 693 577 746 filios
606 695 853 764 suscepit.
900 696 1059 747 Hunc
1100 698 1252 748 nostri
1308 695 1446 749 Ora-

152 803 288 839 tores
332 787 384 838 in
412 785 519 857 ipsa
559 787 674 837 aula
710 786 928 838 Preciofi
984 787 1192 839 Ioannis
1223 789 1442 840 inuene-

155 895 274 933 runt
312 919 327 941 ,
386 882 436 933 &
487 881 696 932 allocuti
748 880 879 933 sunt.
927 880 975 932 A
1004 901 1106 951 qua
1131 882 1449 936 discedentes

148 991 284 1026 anno
326 989 609 1034 MDXXV1‚
646 974 818 1026 salutis
862 975 1037 1026 nostrae
1067 1014 1081 1034 ,
1127 995 1246 1027 eum
1280 978 1449 1028 liben-

153 1081 227 1120 ter
266 1071 318 1120 in
344 1068 565 1137 patriam
593 1068 897 1118 reduxissent
929 1106 940 1124 .
980 1082 1131 1135 atque
1181 1068 1290 1137 ipse
1319 1089 1449 1137 quo-

156 1178 257 1229 que
307 1180 369 1211 eo
409 1159 651 1210 redeundi
699 1159 1005 1227 percupidus
1046 1172 1185 1220 erat3
1245 1159 1326 1208 sed
1352 1160 1451 1209 ida

156 1250 363 1303 Dauide
413 1251 642 1302 obtinere
691 1268 952 1317 nunquam
1022 1251 1327 1308 valuerunt,
1370 1267 1448 1298 re-

156 1343 434 1412 spondente
478 1343 538 1398 ad
566 1341 792 1411 ipsorum
841 1359 1009 1411 preces
1039 1378 1054 1400 ,
1108 1341 1155 1392 se
1184 1342 1331 1392 illum
1373 1340 1450 1390 vi-

153 1453 268 1486 rurn
301 1471 314 1492 ,
343 1452 442 1484 una
470 1452 586 1484 cum
618 1434 786 1502 regnis
816 1433 915 1488 suis
943 1471 956 1491 ,
1011 1451 1038 1481 a
1061 1446 1198 1500 patre
1225 1434 1346 1484 Nau
1365 1451 1450 1483 ac-

150 1527 330 1595 cepisse
356 1563 371 1585 ,
407 1544 628 1595 eumque
668 1526 775 1594 pari
812 1543 935 1575 cura
973 1564 986 1585 ,
1039 1528 1088 1575 ἃ
1116 1544 1290 1577 amore
1328 1546 1449 1579 cum

152 1621 269 1691 ipsis
297 1620 465 1690 regnis
506 1622 697 1672 seruare
738 1621 865 1672 velle
896 1659 907 1678 ,
967 1639 1056 1671 nec
1085 1621 1264 1672 debere
1301 1623 1450 1674 illum

159 1714 342 1765 taedere
375 1712 700 1782 Aethiopicae
741 1714 858 1764 vitae
884 1751 897 1772 ‚
944 1715 1076 1782 apud
1101 1732 1228 1781 quos
1268 1729 1380 1767 tum
1421 1736 1447 1767 a

156 1824 303 1879 patre
333 1848 347 1868 ‚
377 1822 487 1861 tum
510 1829 572 1861 ex
600 1811 1012 1862 sualiberalitate
1043 1811 1239 1879 amplas
1268 1813 1448 1864 diniti-

159 1923 212 1955 as
239 1941 252 1962 ,
297 1905 347 1955 &
373 1903 591 1954 ditiones
617 1904 903 1972 accepisset.
952 1903 1005 1954 Is
1030 1942 1043 1962 ,
1074 1918 1126 1954 vt
1172 1904 1323 1954 nostri
1374 1904 1450 1955 as-

164 1994 376 2051 serunt,
419 1992 655 2043 omnium
711 1994 990 2044 hominum
1043 1992 1203 2043 ferme
1252 1993 1454 2062 linguas

157 2086 407 2145 callebat,
449 2105 550 2155 qua
575 2088 635 2136 de
662 2085 806 2138 causa
832 2124 844 2145 ‚
876 2087 926 2137 &
953 2087 1204 2156 praecipue
1233 2090 1297 2138 ob
1343 2090 1450 2140 eius

159 2178 412 2229 eximiam
440 2178 763 2247 prudentiam
797 2215 810 2237 ,
837 2191 942 2229 tarn
971 2180 1116 2229 auide
1143 2181 1204 2229 ab
1231 2179 1452 2231 Aethio-

159 2268 257 2340 piae
298 2267 702 2336 Imperatoribus
729 2279 954 2317 retentus
1011 2266 1129 2319 fuit.
1187 2267 1335 2316 Vnde
1375 2284 1453 2316 res

161 2357 480 2411 Lufitanicas
518 2377 796 2427 eorumque
842 2359 1197 2428 nauigationes
1223 2357 1446 2408 exassis-

161 2451 283 2502 fitne
303 2466 659 2521 cognouerunt
687 2490 702 2513 ‚
735 2455 919 2520 quibus
957 2453 1136 2522 saepius
1182 2452 1449 2504 recensen-

159 2544 238 2595 dis
261 2583 274 2605 ‚
323 2560 376 2598 vt
397 2546 578 2599 doetus
604 2585 620 2608 ‚
656 2548 706 2599 δε
754 2549 998 2617 eloquens
1025 2562 1129 2599 erat
1161 2587 1175 2608 ‚
1229 2547 1450 2598 Aethio·

160 2657 286 2712 pum
335 2644 599 2699 nationem
649 2643 802 2698 nobis
842 2643 1170 2696 conciliauit.
1218 2641 1449 2694 Postmo-

1281 2732 1403 2785 dum
