1931 3239
609 201 1069 239 EPISTOLA
1327 190 1425 261 381

179 329 267 362 ere
295 349 311 372 ,
347 326 406 361 ac
430 307 588 358 libere
639 307 814 359 uostris
865 308 1155 378 permisere.
1199 309 1355 362 Thiti
1398 324 1478 363 et-⁴

184 409 289 459 iam
335 401 675 469 antiquissima
708 441 724 462 ‚
756 404 807 453 &
831 401 1061 452 maxima
1108 402 1233 453 olim
1286 402 1472 468 ciuitas

185 510 336 564 atque
385 494 485 544 alia
525 494 826 562 quamplura
859 492 1048 561 oppida
1076 530 1089 552 ,
1142 511 1199 543 ac
1252 491 1475 542 finitima

193 589 308 640 loca
332 626 346 647 ,
412 587 579 638 statim
629 585 727 637 sese
778 587 926 636 nobis
978 586 1210 636 dedidere
1241 606 1253 636 :
1293 588 1483 637 tributa

186 683 342 734 etiam
374 718 390 741 ,
435 680 748 749 censumque
769 717 794 741 ,,
811 697 904 748 pro
934 679 1099 731 nostro
1126 679 1337 730 arbitrio
1357 697 1484 752 pen-

187 771 306 823 suri.
1386 756 1390 758 i

260 858 343 915 Ex
373 880 476 932 quo
507 861 735 932 quidem,
765 859 1049 912 Beatissime
1071 862 1251 922 Pater,
1279 861 1331 912 in
1351 861 1488 912 diu'r-

188 973 255 1007 na
279 954 397 1005 freti
425 954 699 1005 clementia
728 991 741 1012 ,
771 953 949 1022 procul
976 953 1132 1004 dubio
1187 954 1445 1023 speramus
1466 991 1481 1016 ,

193 1064 245 1101 vt
275 1062 381 1100 tam
428 1048 685 1118 auspicata
735 1047 884 1098 initia
934 1048 1115 1098 melior
1163 1048 1444 1118 progressus
1472 1086 1487 1108 ,

191 1161 522 1230 optimusque
585 1163 701 1212 finis
754 1160 1123 1230 subsequatur:
1157 1176 1310 1231 atque
1359 1162 1490 1213 illud

193 1254 618 1307 Marrochiorum
673 1272 888 1324 regnum
919 1292 932 1313 ,
998 1254 1134 1323 quod
1174 1256 1333 1305 totius
1386 1255 1495 1306 fere

199 1343 396 1396 Africae
451 1358 605 1414 caput
655 1344 704 1395 &
755 1344 1033 1412 imperium
1084 1344 1182 1395 fuit
1213 1383 1224 1403 ,
1263 1346 1394 1396 vnde
1444 1350 1496 1400 <Sc

197 1437 304 1508 ipsa
328 1438 584 1509 Hispania
611 1477 624 1498 ,
670 1439 939 1508 omnisque
984 1436 1273 1490 Christiana
1315 1440 1494 1509 respu-

198 1528 332 1579 blica
358 1543 432 1580 tot
458 1531 641 1581 damna
663 1569 678 1589 ,
713 1545 790 1582 tot
818 1531 989 1582 clades
1014 1570 1028 1590 ,
1064 1544 1261 1584 tantam
1291 1533 1496 1602 sangui-

199 1621 280 1671 nis
311 1621 609 1674 effusionem
639 1661 654 1683 ,
691 1642 748 1674 ac
805 1621 1078 1674 Catholica
1121 1625 1243 1675 fides
1303 1638 1381 1674 tot
1401 1644 1497 1696 op-

199 1713 406 1782 probria
428 1752 442 1772 ,
480 1728 556 1765 tot
584 1715 896 1783 ignominias
943 1715 1283 1784 indigniflime
1318 1732 1493 1785 pertu-

212 1807 276 1856 lit
302 1845 316 1865 ,
357 1825 492 1860 nunc
520 1825 656 1859 certe
680 1811 860 1860 diuino
904 1810 1204 1879 suffragante
1240 1812 1454 1860 numine
1487 1843 1494 1855 .

202 1899 256 1949 in
282 1899 501 1950 nostram
534 1900 827 1969 potestatem
854 1902 1055 1968 penitus
1096 1901 1352 1969 redigatur
1400 1939 1414 1960 ‚
1442 1918 1502 1950 ac

205 2003 357 2041 tantae
401 1991 564 2059 culpae
616 1993 974 2061 malorumque
1027 1992 1133 2042 luat
1167 2010 1388 2060 poenas,
1444 2009 1502 2041 ac

208 2082 573 2135 Mahumetica
623 2084 828 2154 perfidia
880 2085 1137 2153 depressa,
1187 2103 1333 2135 verus
1391 2083 1494 2134 Dei

206 2175 376 2225 cuitus
411 2211 426 2229 ‚
460 2177 509 2226 δί
553 2173 842 2226 Christiana
890 2177 1071 2246 reiigio
1106 2177 1283 2246 (quod
1331 2175 1495 2226 solum

208 2273 506 2340 semperque
541 2270 820 2340 optamus)
861 2271 1180 2324 sublimetur.
1225 2272 1361 2323 Beue
1405 2290 1497 2321 va-

207 2365 311 2414 leat
363 2362 613 2414 Sanfflitas
664 2362 819 2414 vestra
865 2402 879 2424 ,
943 2383 1097 2434 quam
1148 2363 1293 2415 Deus
1361 2360 1493 2431 Opt.

212 2456 368 2510 Μεικ.
419 2458 505 2507 diu
535 2496 548 2517 ,
593 2477 649 2509 ac
677 2453 956 2510 feliciffitue
1007 2457 1267 2510 obseruare
1300 2495 1311 2515 ,
1339 2457 1388 2506 ὃς
1417 2473 1509 2504 au·
1575 2494 1579 2497 ⁴

211 2568 327 2620 gere
355 2550 610 2618 dignetur.
645 2550 793 2602 Datae
818 2551 871 2601 in
897 2550 1016 2600 vrbe
1046 2548 1209 2600 nostra
1236 2547 1507 2615 Vlyxbon.

212 2640 384 2694 Pridie
409 2643 520 2697 Kal.
538 2640 784 2696 O&obris
801 2680 818 2703 ‚
836 2642 993 2695 Anno
1019 2640 1242 2694 Domini
1266 2655 1310 2689 M
1324 2653 1507 2688 ox111.

1212 2767 1228 2771 -
1292 2727 1484 2783 EPI-
