1965 3256
548 202 649 273 176
951 220 1234 260 DAMIANt
1278 221 1316 256 A
1363 218 1510 256 coss

509 361 547 385 ‚,
575 340 710 374 rum.
783 324 1045 381 Dominus
1089 330 1232 382 Deus
1261 338 1307 376 te
1340 325 1467 375 bene
1509 320 1732 374 fortunet
1761 361 1776 383 ,

508 452 546 474 „
576 416 668 468 tibi
717 419 988 471 vietoriam
1037 425 1098 474 de
1143 419 1371 472 inimicis
1425 418 1526 468 tuis
1581 418 1733 467 donet
1763 452 1781 474 ,

507 540 545 562 η
575 519 760 579 tuaque
814 535 966 585 regna
1014 520 1062 569 &
1114 516 1335 566 ditiones
1357 551 1371 571 ,
1437 530 1525 581 per
1573 510 1778 561 denotas

505 628 542 653 2,
572 614 745 664 preces
789 608 1085 658 nuntiorum
1143 603 1503 669 Redemptoris
1547 598 1780 657 Christi,

510 719 548 742 s,
575 705 758 760 nempe
829 712 1042 764 quatuor
1106 691 1544 762 Euangelis'tarum
1607 688 1779 740 San&i

506 806 543 830 η
576 773 784 831 Ioannis
804 821 816 841 ‚
842 785 998 838 Lucae
1016 826 1029 846 ,
1055 785 1248 842 Marci.
1278 786 1325 834 δε
1355 780 1595 832 Matthaei
1619 817 1632 838 ,
1664 779 1780 830 lon-

503 894 542 917 „
571 881 632 931 ge
676 866 875 937 lateque
903 874 1076 925 dilatet
1102 911 1114 932 ,
1147 874 1195 924 &
1223 869 1461 920 extendat
1505 906 1517 927 ,
1561 886 1778 936 quorum

503 991 540 1014 u
569 957 856 1013 sanffltates
883 968 930 1018 &
956 970 1208 1020 orationes
1229 979 1278 1014 te
1301 964 1520 1014 seruent.

616 1094 652 1114 „
686 1056 1074 1108 CERT1OREM
1129 1075 1178 1111 te
1200 1056 1418 1108 facimus
1456 1092 1468 1113 ,
1507 1071 1596 1121 per
1625 1071 1779 1122 quam

516 1180 554 1202 ,,
579 1145 764 1198 (ΙίΙεᾶε
812 1147 964 1198 frater
1005 1185 1019 1206 ,
1068 1146 1129 1196 ad
1182 1165 1276 1197 nos
1323 1144 1473 1213 vsque
1528 1145 1784 1216 appuliffe

519 1270 559 1293 „
587 1253 648 1285 ex
681 1253 870 1307 magna
912 1239 1000 1289 illa
1027 1238 1183 1288 vestra
1228 1239 1276 1289 &
1306 1237 1499 1287 eximia
1525 1236 1640 1287 aula
1687 1236 1780 1286 du-

524 1367 560 1389 ‚‚
591 1346 650 1381 os
687 1334 903 1384 nuncios
929 1372 941 1393 ,
987 1350 1207 1402 quorum
1260 1332 1467 1402 quidem
1493 1331 1637 1382 alteri
1684 1350 1780 1382 no-

506 1463 543 1485 ‚‚
571 1444 689 1478 men
725 1441 831 1479 erat
872 1427 1092 1479 Ioannes
1121 1465 1133 1487 ,
1180 1427 1270 1495 qui
1312 1424 1362 1479 se
1410 1427 1784 1494 presbyterum

520 1555 562 1577 ,.
587 1520 754 1570 aiebat
786 1558 799 1580 ‚
828 1520 973 1572 alteri
1000 1538 1119 1571 vero
1150 1517 1372 1570 Ioannes
1396 1517 1599 1571 Gomes
1626 1555 1640 1576 ,
1691 1534 1782 1585 pe-

505 1649 546 1672 ,‚
570 1613 796 1682 tiisseque
819 1633 848 1664 a
874 1614 1023 1667 nobis
1044 1627 1396 1664 commeatum
1427 1650 1440 1672 ,
1483 1615 1532 1664 &
1558 1612 1772 1662 milites.

506 1742 546 1764 „
572 1700 745 1772 Qiare
793 1724 882 1757 nos
922 1705 1182 1760 mittimus
1233 1705 1458 1755 nostrum
1493 1701 1772 1755 Oratorem

512 1839 547 1861 „
575 1799 889 1852 Matthaeum
926 1839 939 1861 ,
966 1800 1174 1852 fratrem
1216 1800 1364 1851 nostri
1406 1799 1594 1851 seruitii
1625 1837 1638 1858 ,
1661 1816 1782 1849 cum

507 1930 543 1953 ‚‚
573 1895 719 1945 venia
736 1893 1038 1946 Patriarchae
1059 1894 1230 1946 Marci
1258 1933 1272 1955 ,
1295 1893 1386 1963 qui
1412 1891 1560 1943 nobis
1582 1892 1666 1941 dat
1693 1893 1785 1942 be-

510 2024 545 2045 „
576 1986 921 2041 nedifiionem
952 2027 966 2049 ,
1000 1990 1209 2040 mittens
1231 1989 1547 2057 presbyteros
1588 1984 1785 2037 Hiero-

509 2115 546 2140 „
570 2081 815 2150 solymam
835 2121 846 2142 ,
877 2084 965 2153 qui
986 2084 1054 2135 est
1073 2097 1213 2153 pater
1239 2082 1398 2134 noster
1426 2118 1440 2140 ,
1466 2099 1524 2131 ac
1544 2080 1782 2132 omnium

510 2209 547 2231 „
574 2174 853 2227 nostrarum
878 2178 1156 2237 ditionum,
1174 2178 1412 2229 columna
1431 2175 1547 2227 fidei
1567 2172 1782 2240 Christi,

510 2302 548 2325 „
575 2267 623 2317 δε
645 2268 840 2321 820&ae
861 2269 1163 2321 Trinitatis,
1192 2269 1246 2322 Is
1265 2271 1326 2322 de
1353 2270 1515 2325 nostro
1541 2273 1784 2328 mandato

511 2395 548 2418 „
578 2359 711 2408 misit
731 2362 790 2409 ad
816 2381 1063 2430 magnum
1097 2361 1316 2415 vestrum
1344 2365 1530 2415 ducem
1549 2383 1735 2415 eorum
1765 2401 1783 2424 ,

512 2486 551 2510 „
579 2451 663 2519 qui
691 2469 784 2518 pro
823 2451 919 2502 fide
960 2454 1112 2507 nostri
1139 2455 1418 2509 Seruatoris
1444 2455 1561 2509 Iesu
1592 2455 1782 2508 Christi

518 2580 557 2607 „
578 2542 801 2593 militant
827 2542 881 2591 in
908 2541 1059 2594 India
1082 2583 1096 2604 ,
1124 2548 1184 2595 ad
1223 2547 1299 2597 illi
1353 2547 1731 2617 significandum
1760 2582 1777 2603 ‚

516 2671 554 2696 ,‚
578 2652 670 2685 nos
691 2635 782 2685 effe
799 2646 1065 2704 promptos
1091 2635 1152 2687 ad
1173 2638 1482 2691 mittendum
1502 2651 1612 2690 tum
1633 2651 1779 2689 com·

1605 2740 1744 2777 mea*
