1931 3239
433 257 770 295 OLISIPONIS
816 259 1181 298 DESCRIPTIO
1354 273 1419 324 19

183 366 296 416 dem
321 362 483 433 pretio
553 365 689 414 orbis
740 363 1057 434 Redemptor
1109 365 1344 417 Christus
1422 391 1450 421 a

182 457 309 509 Iuda
339 454 524 509 Iudaeis
547 461 861 511 venundatus
889 461 1007 511 fuit.
1056 460 1227 530 Igitur
1254 462 1445 511 affecu-

177 548 216 597 ti
243 546 354 598 sunt
380 548 653 602 Lufitaniae
681 550 847 620 Reges
872 588 885 609 ,
915 568 976 601 ex
997 565 1102 602 tam
1146 551 1332 620 insigni
1363 551 1439 601 vi·

174 638 336 691 &oria
363 677 377 700 ‚
428 660 487 693 ea
513 641 770 713 signorum
796 658 900 694 tam
928 643 1149 713 gloriosa
1179 642 1442 713 mysteria.

173 734 311 803 Quae
357 734 492 804 signa
538 752 592 790 vt
635 740 832 791 caelitus
882 757 912 789 a
952 735 1158 788 Christo
1218 738 1451 789 conceffa

172 827 313 878 fuere
336 866 349 887 ,
405 827 469 880 fic
509 832 624 901 ipsis
652 833 866 883 ducibus
895 868 909 890 ,
961 832 1211 898 nobisque
1261 831 1348 882 sub
1377 831 1450 880 eis

172 918 518 972 militantibus
543 959 558 981 ,
609 922 761 990 ipfius
812 919 1000 971 Christi
1046 920 1199 972 fidem
1248 922 1303 972 in
1346 922 1447 972 im-

173 1009 407 1061 mensum
445 1031 536 1081 per
584 1013 876 1064 vniuersum
929 1014 1104 1064 orbem
1130 1051 1144 1072 ,
1196 1014 1437 1083 longius,

174 1101 425 1167 latiusque
448 1123 601 1171 quam
633 1125 858 1174 vnquam
884 1106 984 1157 fuit
1004 1145 1017 1167 ,
1069 1105 1334 1174 nostraque
1363 1105 1446 1156 in-

170 1193 371 1253 dustria,
395 1198 443 1247 &
471 1197 642 1248 labore
667 1211 943 1267 propagata
975 1236 990 1258 ‚
1011 1199 1340 1268 euulgataque
1360 1199 1454 1249 ho-

175 1280 353 1331 dierna
379 1282 459 1333 die
486 1283 572 1335 est.

242 1378 448 1428 PORRO
474 1414 487 1436 ,
516 1388 567 1425 vt
595 1375 655 1425 ad
683 1375 893 1443 scopum
922 1390 1236 1428 reuertamur
1263 1413 1277 1434 ,
1307 1392 1428 1425 cum

168 1463 370 1537 Olifipo
397 1468 458 1517 ab
485 1465 581 1515 hoc
609 1483 723 1533 rege
752 1465 970 1516 Alfonso
996 1466 1304 1516 obsideretur
1340 1503 1354 1523 ,
1379 1466 1428 1515 δε

167 1556 303 1606 bello
331 1555 418 1606 diu
443 1554 725 1624 praeliando
760 1592 774 1613 ‚
817 1554 1241 1624 confiigendoque
1267 1571 1434 1623 oppu-

163 1662 402 1717 gnaretur
427 1686 440 1707 ,
494 1645 684 1697 Christi
735 1645 887 1696 Fides
931 1666 1068 1697 anno
1097 1647 1250 1717 ipfius
1279 1644 1437 1697 Chri-

163 1740 221 1791 sti
271 1741 453 1792 natalis
495 1740 765 1791 millesimo
809 1741 1084 1791 centesimo
1112 1738 1430 1809 quadragesi-

162 1851 251 1883 mo
278 1833 494 1902 septimo
539 1833 761 1885 restituta
793 1835 912 1885 fuit.
968 1833 1071 1884 Cui
1100 1835 1237 1884 bello
1264 1833 1424 1882 etiam

162 1924 398 1974 nonnulli
428 1925 677 1992 peregrini
714 1927 904 1975 milites
931 1943 994 1974 ex
1018 1925 1167 1973 variis
1196 1923 1418 1989 Europa:

161 2016 387 2084 partibus
414 2016 677 2085 religionis
695 2017 839 2067 causa
858 2015 1132 2066 interfuere
1158 2053 1171 2074 ,
1195 2033 1418 2083 quorum

159 2130 266 2163 non
292 2113 438 2180 pauci
467 2113 765 2165 dimicando
792 2113 1052 2164 defiderati
1080 2112 1211 2162 sunt.

299 2204 426 2256 Nec
464 2204 667 2256 defuere
689 2206 772 2274 qui
805 2243 819 2263 ‚
848 2222 910 2255 ex
939 2207 1000 2256 iis
1045 2203 1421 2254 miraculorum

158 2298 467 2365 argumentis
492 2336 504 2355 ,
554 2300 669 2348 loco
711 2297 999 2348 finitorum
1042 2297 1203 2347 habiti
1252 2295 1365 2346 sunt
1403 2335 1416 2355 ‚

154 2391 289 2441 inter
314 2409 441 2458 quos
479 2392 689 2460 quidam
718 2389 979 2440 Henricus
1021 2388 1121 2440 fuit
1145 2427 1160 2448 ,
1209 2391 1416 2439 natione

155 2481 448 2533 Germanus
475 2521 488 2542 ,
517 2483 710 2535 Bonnae
744 2498 892 2534 natus
939 2483 1227 2550 (oppidum
1255 2481 1321 2532 est
1358 2482 1417 2532 ad

153 2577 316 2645 ripam
342 2575 508 2627 Rheni
536 2595 638 2628 non
663 2579 840 2646 procul
867 2596 894 2627 a
922 2575 1147 2627 Colonia
1174 2574 1419 2642 Agrippi-

149 2681 215 2717 na
235 2666 559 2721 constitutum
582 2668 599 2737 )
626 2673 770 2723 cuius
789 2669 1007 2722 Henrici
1033 2667 1231 2718 meritis
1264 2665 1404 2716 Deus

1225 2757 1362 2805 mul-

9 2528 29 2546 «k
