1931 3239
293 243 371 279 me
404 237 592 277 nuto
624 236 957 274 cAMBArco
988 237 1050 274 sr:
1077 240 1133 277 c.
1250 240 1351 297 323

94 347 183 400 bat
210 388 223 410 ,
259 344 513 416 imperitia
553 344 807 394 mittentis
845 383 858 403 ,
887 347 937 394 in
972 344 1198 412 ipsorum
1233 346 1386 396 castra

97 442 412 493 corruebant.
457 435 581 502 Qo
629 453 795 486 errore
855 437 1214 505 imperitiaque
1264 438 1386 486 mit-

95 534 246 586 tentis
276 570 288 590 ,
317 548 380 580 ex
410 529 509 580 suis
554 529 716 580 tribus
737 529 914 580 occifis
945 568 957 588 ‚
998 548 1026 579 a
1054 530 1283 579 mortarii
1314 531 1387 580 ia·

91 625 345 675 culatione
367 624 419 674 in
443 634 609 672 totum
633 620 1034 689 supersederunt.
1068 620 1255 671 Praeter
1279 623 1386 674 haec

91 717 266 767 omnia
296 755 309 776 ‚
352 715 514 767 hostes
550 715 673 765 duas
711 712 984 763 testudines
1029 730 1167 762 nouo
1218 713 1388 764 rursus

89 808 261 858 labore
291 844 304 862 .
347 826 374 857 e
417 806 626 876 regione
656 803 809 854 turris
854 802 927 853 D.
978 802 1190 854 Ioannis
1223 842 1237 863 ‚
1276 825 1391 874 quae

88 898 286 950 caeteris
313 898 567 969 angustior
597 936 610 957 ,
649 897 1003 963 infirmiorque
1056 911 1160 947 erat
1192 935 1204 956 ,
1246 898 1392 949 exci-

90 1004 362 1051 tauerunt,
399 1012 427 1042 a
462 1010 582 1060 qua,
605 990 666 1040 ad
695 990 984 1041 lacobaeam
1016 987 1166 1057 vsque
1197 1028 1207 1048 ,
1232 992 1389 1042 totius

91 1082 214 1132 belli
263 1082 394 1130 vires
446 1080 700 1148 applicare
744 1077 1127 1127 constituerant.
1176 1076 1388 1144 Qibus

93 1168 304 1236 fingulis
324 1168 546 1237 singulos
574 1164 827 1216 bafiliscos
853 1203 867 1224 ,
890 1184 945 1215 ac
973 1166 1097 1216 alias
1127 1167 1250 1217 item
1279 1188 1391 1220 ma-

92 1260 270 1310 chinas
324 1259 534 1309 bellicas
595 1258 961 1308 acommodant
1016 1275 1077 1307 eo
1131 1277 1390 1321 numerO,

95 1367 250 1419 quem
315 1349 571 1399 neceffitas
636 1347 744 1418 ipsa
795 1350 1050 1417 requirere
1106 1351 1389 1400 videbatur.

94 1442 279 1512 Itaque
310 1461 461 1512 opere
502 1441 788 1493 constru&o
823 1479 837 1500 ,
888 1444 1067 1493 eodem
1105 1444 1185 1493 die
1211 1447 1394 1495 acriter

93 1518 249 1584 vltro⁷
281 1535 511 1602 citroque
542 1533 720 1602 praelio
775 1533 1080 1585 dimicatum
1117 1533 1204 1585 est.
1251 1534 1395 1586 Inter

92 1625 425 1692 pugnandum
449 1662 463 1682 ,
504 1624 688 1693 globus
724 1641 788 1673 ex
817 1640 933 1672 arce
971 1624 1174 1675 emissus
1205 1663 1219 1685 ,
1249 1626 1394 1677 iuxta

91 1712 242 1778 pedes
271 1711 428 1780 Regis
451 1711 713 1762 Mamudii
736 1748 749 1769 ‚
777 1712 1034 1779 quendam
1060 1712 1170 1763 eius
1197 1731 1390 1784 cogna-

93 1819 206 1855 tum
243 1807 452 1857 occidit.
495 1806 618 1875 Qa
665 1826 718 1857 re
754 1807 959 1857 territus
997 1826 1087 1858 rex
1118 1845 1132 1866 ,
1176 1807 1393 1858 vndeci-

93 1912 182 1946 mo
226 1895 288 1944 ab
316 1895 535 1944 aduentu
573 1896 662 1948 suo
689 1898 770 1948 die
800 1935 815 1956 ‚
847 1896 1004 1946 castra
1029 1895 1247 1945 deseruit
1286 1931 1301 1950 ,
1325 1897 1388 1946 ad

95 1992 380 2045 Madabam
430 1995 623 2064 regiam
677 1997 944 2047 ciuitatem
997 1994 1044 2045 se
1071 1994 1346 2045 conferens
1377 2035 1392 2057 ,

94 2086 214 2136 inde
245 2085 468 2135 militem
514 2087 564 2137 &
591 2088 859 2139 necessaria
898 2086 1154 2138 exercitui
1178 2088 1393 2154 expedi-

95 2188 258 2227 turus.
305 2174 421 2244 Ipse
448 2189 619 2228 autem
667 2179 767 2231 fiue
793 2182 982 2231 timore
1015 2214 1030 2235 ‚
1059 2177 1161 2228 s1ue
1188 2177 1287 2228 alia
1330 2178 1393 2228 de

96 2268 241 2318 causa
271 2306 285 2328 ,
315 2267 482 2337 postea
508 2272 692 2321 reuerti
721 2272 907 2323 noluit.
952 2267 1281 2320 Descendens
1305 2287 1394 2318 ve-

95 2381 155 2414 ro
186 2400 201 2422 ‚
230 2362 506 2415 Iusarcano
554 2366 663 2416 viro
712 2369 763 2418 &
813 2369 1013 2437 potenti
1041 2405 1055 2426 ‚
1106 2366 1156 2416 δε
1206 2364 1395 2415 virtute

96 2456 297 2507 summa
327 2495 340 2516 ,
370 2457 673 2527 summaque
699 2461 968 2530 prudentia
995 2457 1211 2528 praedito
1264 2456 1394 2524 (cu-

93 2548 173 2599 ius
214 2548 426 2599 confilio
452 2551 501 2602 &
527 2550 694 2602 solerti
741 2571 895 2621 opera
923 2566 1036 2602 tum
1067 2550 1119 2600 in
1162 2566 1213 2597 re
1242 2546 1391 2596 belli-

93 2654 153 2690 ca
179 2676 198 2700 ,
238 2653 354 2692 tum
401 2641 456 2695 in
481 2643 633 2698 rebus
675 2643 790 2698 aliis
823 2642 1065 2714 plurimis
1115 2634 1391 2703 Vtebatur)

1224 2746 1360 2798 regt-
