1931 3239
262 205 499 243 DIENSIS
543 200 721 236 vas
766 196 1172 235 OPPVGNATIO
1255 206 1359 258 119

118 305 331 362 sublatis
355 309 412 360 ad
440 319 643 375 portum
673 303 998 354 Adenensem
1020 302 1181 353 claffis
1212 303 1394 374 depul..

122 403 173 454 sa
190 405 274 454 est.
320 401 456 452 Inibi
485 400 573 449 sub
599 416 787 448 ancora
809 415 1009 448 moram
1040 398 1236 449 faciens
1261 436 1275 457 ,
1305 417 1398 469 ap-

117 492 473 560 plaudentibus
501 489 740 540 omnibus
762 525 776 546 ,
806 501 1049 556 tanquam
1090 508 1236 539 verus
1262 488 1396 540 ami-

81 639 83 641 ,
119 600 208 637 cus
245 583 510 653 accipitur.
564 582 679 633 Rex
723 584 929 635 adeum
977 583 1256 653 NIagnates
1298 584 1396 634 ali-

112 687 248 744 quot
292 673 454 724 mittit
483 711 496 732 ‚
556 688 609 722 vt
644 673 885 724 aduentui
924 674 1032 724 eius
1072 675 1392 743 gratularen-

119 774 221 815 tur.
263 764 371 833 Qi
398 781 461 814 ex
507 765 784 823 mandam,
831 763 1096 815 Solimano
1135 764 1392 833 fignifica-

119 874 238 909 uere
298 857 631 929 gratiffimum
668 856 776 908 fore
815 858 984 928 Regi,
1052 857 1086 908 fi
1116 857 1169 907 in
1196 870 1384 910 terram

121 955 444 1006 descenderet
474 993 487 1015 ,
531 969 583 1006 vt
612 955 877 1005 ciuitatem
914 954 1003 1005 fibi
1030 955 1394 1024 obtemperan-

120 1049 362 1098 tiffimam
399 1048 562 1098 oculis
595 1061 820 1097 cerneret
852 1085 865 1105 ‚
905 1046 990 1097 vbi
1022 1065 1113 1115 pro
1142 1047 1395 1117 dignitate

123 1151 275 1206 atque
302 1138 473 1187 officio
514 1157 631 1188 eum
655 1139 708 1188 in
735 1136 820 1187 sua
844 1138 1008 1206 Regia
1037 1138 1249 1189 tranare
1277 1141 1396 1209 pos-

122 1231 214 1284 set.
260 1232 342 1282 Ad
369 1233 475 1282 haec
525 1232 835 1283 SolimanuS.
882 1230 1059 1282 Dicite
1102 1232 1269 1300 inquit
1298 1234 1402 1284 Re-

124 1324 179 1393 gi
210 1361 224 1383 ,
272 1341 355 1373 me
388 1343 489 1374 non
517 1322 769 1392 despicere
810 1323 1080 1392 magnifica
1119 1326 1227 1377 eius
1257 1326 1403 1377 obla-

126 1429 182 1464 ta
210 1450 223 1472 ‚
269 1426 601 1463 veruntamen
644 1413 826 1464 nausea
866 1413 1071 1464 sentinae
1097 1453 1111 1474 ,
1171 1417 1220 1465 δε
1250 1415 1403 1464 naui-

120 1505 354 1573 gationis
379 1507 607 1557 molestia
658 1509 727 1557 ita
762 1508 924 1557 adhuc
978 1526 1060 1557 me
1106 1508 1261 1577 affligi
1291 1548 1304 1568 ,
1351 1525 1404 1563 vt

128 1608 254 1653 :ante
282 1598 496 1648 biduum
532 1599 661 1650 nihil
697 1601 756 1649 de
774 1619 856 1649 me
890 1601 1102 1650 audeam
1129 1601 1362 1667 polliceri
1387 1642 1401 1663 ,

121 1700 176 1737 at
201 1688 284 1737 vbi
321 1691 630 1740 conualuero
659 1729 673 1750 ,
715 1693 851 1744 reela
878 1694 939 1742 ad
962 1694 1070 1743 eius
1097 1694 1401 1761 amplexum

122 1777 434 1844 proficiscar.
481 1779 562 1830 Ita
582 1781 790 1832 dimiffis
820 1781 1029 1851 Legatis
1055 1821 1067 1841 ‚
1099 1802 1223 1834 mox
1246 1805 1273 1834 a
1300 1802 1403 1837 ter-

124 1884 193 1935 go
221 1866 493 1934 sequuntur
531 1873 747 1921 trecenti
788 1876 979 1924 milites
1020 1887 1269 1941 praetextu
1319 1878 1400 1927 vi-

127 1957 295 2009 sendae
343 1959 588 2009 ciuitatiS.
634 1961 807 2012 Postea
851 1963 1141 2014 Solimanus
1170 2002 1184 2024 ,
1255 1979 1307 2016 vt
1343 1968 1405 2018 ad

125 2049 289 2102 finem
336 2050 447 2101 telae
479 2088 492 2109 ,
534 2069 686 2118 quam
716 2068 887 2105 mente
914 2054 1052 2107 orsus
1094 2068 1198 2105 erat
1226 2094 1239 2115 ,
1287 2076 1405 2126 per-

125 2143 324 2192 ueniret
355 2180 368 2201 ‚
435 2144 742 2197 familiarem
814 2151 1069 2217 quendam
1142 2145 1286 2199 suum
1339 2152 1403 2202 ad

125 2233 327 2305 Regem
368 2238 529 2290 mittit
557 2278 569 2297 ,
627 2240 856 2292 indicans
906 2240 954 2291 se
1001 2241 1126 2293 scire
1172 2244 1403 2298 militum

125 2328 471 2383 insolentiam.
517 2332 582 2384 Et
606 2335 851 2403 quoniam
901 2339 1286 2407 trecentos,qui
1315 2358 1404 2408 per

131 2419 399 2475 ciuitatem
436 2428 746 2495 vagabantur
779 2465 790 2485 ,
833 2427 921 2478 nisi
951 2431 1175 2497 receptui
1223 2449 1405 2481 canere

127 2510 326 2565 iuberet
358 2552 370 2572 ,
413 2517 462 2567 δι’
489 2519 595 2568 vela
616 2519 751 2570 daret
782 2557 795 2578 ‚
838 2521 974 2587 quod
1001 2534 1111 2572 tum
1142 2522 1217 2572 illi
1260 2520 1403 2571 nefas

122 2619 262 2667 crat,
305 2608 529 2663 crederet
565 2610 611 2661 se
632 2613 692 2664 ad
717 2630 870 2666 naues
897 2612 1123 2684 recipere
1152 2632 1254 2666 non
1284 2610 1400 2680 pos-

1279 2709 1325 2751 le
1348 2737 1363 2758 ‚
