1998 3256
599 273 668 338 46
973 288 1258 326 DAMIANI
1307 291 1346 325 A
1400 289 1545 327 cons

561 403 670 442 tum
691 392 759 443 est
792 429 804 451 ‚
832 393 967 462 quod
992 431 1006 453 ‚
1028 408 1080 445 vt
1120 394 1269 445 sentit
1307 395 1586 446 Resendius
1614 431 1627 456 ‚
1656 391 1819 467 prisca

560 484 726 536 secula
762 485 1103 556 Gerabrigam
1147 488 1485 557 appellabant.
1531 489 1701 542 Locus
1729 509 1820 541 na-

561 577 677 626 talis
709 577 898 637 nostri,
927 578 1070 628 cuius
1091 597 1280 629 nouam
1314 581 1815 649 interpretationem,

562 666 596 735 fi
641 670 850 738 propius
890 667 1185 738 inuestigare
1234 671 1439 721 libuerit
1464 710 1478 731 ‚
1533 671 1821 723 Alanorum

563 759 823 810 ecclesiam
851 760 1025 828 lingua
1051 757 1288 811 saxonica
1316 760 1487 812 sonare
1512 763 1821 831 comperies,

561 871 656 904 nec
701 872 729 902 a
766 852 989 903 veritatis
1031 853 1111 902 via
1135 853 1356 902 multum
1382 853 1659 904 aberrabis.
1692 852 1823 904 Ala-

564 962 659 994 nos
700 943 945 1013 siquidem
971 960 1091 992 curn
1119 944 1404 995 vniuersam
1434 943 1693 1012 Europam
1723 963 1826 996 cae-

567 1039 714 1088 dibus
740 1076 753 1096 ,
797 1037 1147 1104 incendiisque
1193 1037 1425 1088 vastando
1451 1039 1781 1106 peragrassent
1809 1075 1823 1096 ,

567 1129 631 1178 iis
659 1128 786 1177 iocis
806 1127 1074 1177 consedisse
1099 1165 1112 1186 ,
1141 1146 1298 1195 eaque
1318 1127 1562 1193 tantisper
1584 1127 1828 1177 incoluis—

567 1217 617 1268 se
680 1235 743 1267 ex
812 1219 1094 1267 multorum
1147 1217 1432 1266 annallium
1481 1217 1829 1268 monumentis

570 1323 893 1379 compertum
919 1309 986 1360 est
1010 1348 1023 1369 ,
1051 1311 1173 1360 dum
1201 1309 1393 1361 Gothis
1419 1307 1827 1378 superuenienti-

570 1404 663 1452 bus
690 1420 752 1452 ex
780 1403 1047 1470 prouincia
1072 1401 1273 1472 prorsus
1301 1401 1577 1461 discedere,
1602 1400 1827 1467 aliasque

571 1510 726 1547 terras
754 1515 974 1565 quaerere
1002 1497 1167 1548 coaciti
1196 1495 1408 1546 fuerint.
1440 1495 1574 1564 Qae
1611 1510 1739 1565 gens
1768 1511 1827 1543 0-

573 1592 710 1642 mnis
738 1591 912 1658 ¹‚iugua
937 1628 950 1648 ‚
980 1592 1213 1641 moribus
1245 1628 1259 1649 ‚
1287 1590 1650 1659 vicinitateque
1678 1626 1693 1648 ,
1739 1587 1828 1638 Sa-

573 1681 799 1733 xonibus
831 1683 893 1731 ab
919 1682 1116 1750 origine
1158 1681 1260 1732 fere
1309 1683 1504 1750 semper
1550 1679 1830 1730 coniunffita

578 1776 698 1834 fuit,
725 1777 774 1826 δε
796 1777 856 1826 ad
884 1777 1020 1826 hunc
1049 1775 1203 1844 vsque
1231 1777 1367 1828 diem
1397 1787 1577 1827 mutuo
1604 1772 1829 1841 quodam

575 1867 782 1917 vinculo
809 1867 1201 1936 propinquitatis
1224 1867 1322 1918 sese
1350 1866 1600 1918 refouent,
1626 1865 1710 1916 Ad
1733 1867 1829 1916 hu-

576 1959 656 2009 ius
694 1975 811 2006 vero
838 1959 1014 2025 oppidi
1041 1960 1232 2009 radices
1260 1961 1278 2028 ζ
1310 1957 1378 2008 est
1401 1959 1541 2007 enim
1567 1958 1674 2009 eius
1700 1975 1831 2025 prae-

575 2043 729 2110 cipua
754 2065 866 2113 pars
893 2048 947 2097 in
974 2047 1175 2098 summo
1201 2048 1394 2099 montis
1422 2047 1616 2116 praealti
1642 2047 1830 2119 culmi·-

576 2151 639 2181 ne
669 2133 752 2183 {ita
779 2132 794 2200 )
823 2136 1011 2188 fluuius
1039 2158 1065 2188 e
1095 2139 1276 2189 mult-is
1304 2138 1529 2190 fontium
1554 2138 1682 2189 riuis
1709 2136 1828 2187 sub-

575 2223 816 2272 terraneis
869 2226 1032 2275 oritur
1067 2245 1392 2294 peramoenus
1428 2266 1442 2288 ,
1509 2226 1830 2297 pisciumque

576 2315 743 2364 multo
770 2315 1096 2369 feracisiimus
1117 2357 1130 2377 ,
1184 2319 1271 2386 qui
1305 2321 1568 2372 arboribus
1594 2319 1831 2387 vtrinque

577 2407 822 2465 confituS,
849 2407 948 2458 sole
975 2410 1258 2460 meridiano
1282 2449 1295 2470 ,
1318 2413 1619 2481 magnisque
1646 2410 1832 2461 calori-

578 2496 672 2543 bus
699 2533 712 2552 ,
756 2497 987 2546 vmbram
1015 2499 1171 2550 efficit
1195 2538 1210 2559 ,
1238 2520 1339 2568 quo
1366 2502 1603 2552 homi-nes
1629 2512 1681 2550 vt
1707 2500 1824 2568 plu·

581 2586 773 2635 timum
800 2584 1067 2647 secedunt,
1095 2591 1443 2657 gratiffimam.
1477 2591 1614 2642 Mox
1641 2603 1831 2656 magno

584 2673 782 2743 impetu
809 2673 939 2724 inter
965 2676 1263 2746 confragosa
1289 2678 1504 2738 montis,
1535 2679 1590 2729 in
1614 2674 1834 2745 planici-

1707 2776 1799 2809 em
