1931 3239
245 258 416 305 hints
443 257 693 299 Remum
721 255 995 306 MORl-:SQ
1021 258 1329 296 AETmor.
1375 244 1475 317 169·

181 371 455 425 studiorum
482 364 696 416 suorum
734 364 1034 432 capesseret,
1081 362 1133 412 id
1182 362 1318 431 quod
1372 363 1476 415 iam

180 481 245 514 ex
270 458 444 511 multis
470 456 662 525 vigiliis
684 470 1009 523 compertum
1029 454 1248 504 habebat
1274 491 1287 512 ,
1310 470 1458 504 nem-

177 573 240 623 pe
291 549 651 600 Athlanticum
714 546 988 599 Oceanum
1070 546 1125 596 in
1178 536 1422 595 Indicum
1451 580 1466 603 ‚

175 644 344 697 rursus
393 637 639 696 Indicum
693 643 747 694 in
776 638 1141 693 Athlanticum
1179 638 1427 710 profluere
1452 673 1467 694 ,

175 739 392 790 nauibus
418 735 635 805 propriis
666 772 679 794 ,
707 733 807 784 suis
851 744 908 785 ac
946 724 1231 802 sumptibus
1279 729 1472 781 consti-

176 833 275 883 tuit
314 830 634 900 inuestigare.
681 829 886 899 Quibus
920 830 1109 881 iterum
1154 842 1306 898 atque
1357 828 1455 877 ite-

174 941 293 975 rum
333 923 518 983 missis,
546 924 734 974 bonam
778 936 974 990 partem
1024 922 1189 973 litoris
1234 919 1468 970 Athlan-

177 1015 264 1066 tici
309 1014 599 1082 penetrauit
627 1052 640 1074 ,
671 1015 723 1066 in
746 1033 849 1082 quo
877 1016 1084 1084 oppida,
1113 1015 1160 1064 &
1188 1011 1421 1061 ciuitates
1450 1046 1465 1067 ,

174 1105 453 1175 insulaeque
497 1106 763 1175 permultae
806 1122 1015 1173 repertze
1075 1095 1207 1153 sunt.
1253 1102 1467 1171 Qubus

178 1196 232 1246 in
259 1197 386 1248 locis
412 1198 654 1248 omnibus
682 1195 881 1248 Christi
914 1197 1037 1246 fides
1064 1195 1172 1244 eius
1199 1211 1352 1261 opera
1378 1198 1461 1243 in-

177 1292 350 1343 notuit
381 1331 394 1352 ‚
417 1293 648 1361 inibique
676 1290 869 1359 templa
894 1308 1096 1359 quoque
1121 1288 1287 1338 ereeta
1309 1286 1420 1336 sunt
1449 1322 1464 1346 ‚

181 1383 462 1456 praesertim
507 1385 561 1435 in
588 1384 764 1435 insulis
791 1383 917 1433 oiim
944 1382 1146 1432 desertis
1183 1418 1195 1438 ,
1241 1395 1458 1448 quarum

177 1480 345 1550 prima
403 1479 566 1531 insula
617 1479 908 1548 Lignorum
940 1518 953 1539 ‚
989 1497 1100 1547 quae
1133 1475 1287 1544 vulgo
1347 1473 1474 1524 [Μα-

179 1573 319 1623 deira
344 1584 553 1622 vocatur
580 1610 593 1629 ,
634 1589 770 1622 nunc
820 1572 1151 1623 celeberrima
1202 1569 1250 1618 &
1304 1567 1468 1635 frugi-⁹

176 1659 281 1711 fera
305 1660 392 1710 est.
435 1659 676 1712 Tandem
701 1700 713 1721 ,
746 1675 794 1710 vt
813 1663 924 1712 sunt
946 1680 1021 1712 res
1059 1659 1357 1711 mortalium
1386 1656 1469 1704 in-

182 1746 384 1798 stabiles
413 1785 428 1806 ,
489 1766 625 1798 anno
652 1748 827 1799 salutis
877 1748 1052 1799 nostrae
1121 1759 1414 1798 Mccchx
1441 1777 1457 1799 »

178 1842 259 1891 die
288 1857 473 1892 xxun
519 1841 766 1894 O&obris
799 1881 813 1903 ‚
843 1858 1007 1894 morte
1035 1845 1343 1909 interceptus
1368 1840 1458 1888 has

179 1927 530 1995 nauigationes
562 1968 576 1990 ‚
615 1934 860 2000 quoniam
904 1952 1083 2004 expers
1135 1933 1455 1983 matrimonii

176 2026 282 2062 erat
311 2049 325 2072 ,
364 2016 425 2065 ad
452 2034 697 2069 coronam
735 2023 910 2088 regni,
947 2036 1191 2089 tanquam
1232 2020 1452 2071 fundum

177 2100 553 2159 haereditarium
579 2111 875 2168 transmisit,
894 2130 1005 2180 quae
1025 2130 1113 2180 per
1138 2130 1318 2163 manus
1340 2125 1450 2162 tra-

179 2199 296 2250 ditae
316 2237 330 2258 ‚
377 2201 438 2251 ad
462 2215 664 2272 tempus
705 2202 913 2254 Ioannis
944 2241 955 2261 ,
981 2204 1184 2256 secundi
1210 2205 1319 2255 eius
1347 2223 1445 2255 no:-

178 2290 334 2340 minis
361 2328 375 2351 ,
403 2291 504 2342 fine
531 2292 699 2361 aliqua
724 2305 1050 2346 externorum
1079 2295 1283 2364 Regum
1312 2333 1326 2355 ,
1383 2314 1443 2346 ac

181 2382 486 2454 Principum
535 2388 860 2441 aemulatione
891 2427 907 2452 ,
949 2404 1034 2441 aut
1084 2391 1281 2443 inuidia
1328 2389 1460 2440 deria

181 2492 308 2532 uatae
350 2481 491 2533 sunt.

250 2571 391 2642 Q⁷o
420 2574 560 2648 Rege
585 2577 787 2628 viuente
813 2576 1104 2630 Columbus
1127 2573 1414 2631 Genuenfis
1450 2604 1465 2627 5

178 2661 252 2713 vir
280 2671 494 2725 nauticae
517 2673 636 2726 attis
660 2674 853 2745 peritus
878 2712 893 2737 ‚
944 2677 1007 2729 ab
1035 2673 1144 2745 ipso
1185 2674 1327 2740 Rege
1352 2706 1364 2726 ‚
1391 2665 1474 2715 cui

729 2765 783 2819 N
817 2782 846 2821 2
1299 2756 1413 2810 Oc-
