1931 3239
321 218 592 265 -DtENsts
620 216 798 257 VRBIS
831 217 1229 255 OPPVCNATIO
1306 216 1405 271 1413

172 332 428 383 tabantur.
464 323 643 378 Nostri
672 342 790 374 vero
818 325 921 374 iam
964 324 1016 373 in
1038 339 1227 390 magno
1268 321 1444 372 discri-

173 423 313 471 mine
335 416 655 468 versabantur
679 452 692 471 ‚
718 414 869 464 multi
895 413 1151 464 interfecti
1180 449 1192 470 ,
1218 428 1274 460 ac
1299 429 1445 460 com-

169 512 338 579 plures
360 509 471 569 iffi,
496 509 544 559 ἃ*
571 508 690 576 igne
738 507 835 556 laeii
858 521 1016 557 erant.
1053 504 1448 556 Inter‘mortuos

172 612 290 644 vero
343 595 604 647 NIartinus
643 597 837 649 Vascus
886 598 1184 668 Pachequus
1220 642 1234 662 ,
1259 601 1306 649 &
1336 598 1445 647 eius

170 704 329 755 nepos
399 685 614 737 Gabriel
676 688 976 757 Pachequus
1003 727 1018 748 ,
1087 691 1135 740 &
1187 688 1449 739 Antonius

172 777 407 830 Mentius
433 798 462 829 a
490 776 941 850 Vasquogoncelos
969 820 982 839 ,
1017 783 1066 832 &
1092 781 1178 832 aiii
1205 782 1299 832 viri
1328 781 1448 831 illu-

170 870 291 922 stres
340 873 807 925 annumerabantur
833 911 847 932 ,
904 874 952 924 &
1005 873 1216 941 ipsemet
1267 872 1450 941 praefe-

171 962 284 1013 &us
326 964 432 1014 eius
459 967 612 1017 turris
634 1004 646 1024 ,
682 966 735 1015 in
760 985 860 1032 qua
908 969 1226 1037 oppugnatio
1267 970 1450 1038 ageba-

174 1065 257 1102 tur
279 1091 294 1112 ‚
334 1073 445 1122 quae
472 1057 648 1106 eadem
676 1056 762 1106 illa
787 1057 854 1107 est
879 1096 891 1117 ,
938 1077 1092 1126 quam
1120 1059 1259 1128 prius
1281 1060 1447 1110 osten-

176 1143 346 1194 dimus
408 1147 593 1198 ictibus
626 1161 1000 1198 tormentorum
1046 1151 1334 1200 concidiffe.
1397 1149 1452 1200 Is

179 1239 338 1307 igitur
366 1239 674 1292 Emmanuel
725 1242 807 1290 vbi
837 1242 1105 1292 aduenerat
1132 1242 1233 1301 ,Ἷὲ
1274 1241 1451 1292 nostris

175 1331 382 1382 miscuit
417 1370 430 1391 ,
475 1350 534 1382 ac
563 1332 709 1382 fimul
736 1332 1161 1402 conglomeratim
1198 1333 1453 1400 impetum

176 1427 230 1477 in
282 1428 444 1480 hostes
498 1429 689 1479 faciunt
714 1466 727 1485 ,
774 1429 958 1497 eosque
1013 1431 1073 1479 de
1097 1430 1220 1479 turri
1307 1430 1452 1499 super

176 1542 330 1593 quam
361 1522 446 1573 diu
486 1523 718 1575 steterant
746 1563 759 1584 ‚
798 1543 982 1593 magna
1030 1523 1254 1593 ipsorum
1297 1522 1454 1592 strage

116 1656 128 1657 ἶ
172 1613 461 1664 deturbant.

196 1736 204 1740 -
281 1701 557 1755 INTEREA
610 1706 857 1773 temporis
927 1716 1185 1754 tormenta
1238 1703 1406 1754 nostra
1437 1741 1448 1761 ,

177 1811 282 1848 tam
306 1798 359 1848 in
386 1800 575 1850 vallum
613 1802 662 1851 &
688 1800 841 1850 castra
860 1837 871 1857 ‚
900 1818 1051 1867 quam
1074 1800 1147 1849 “in
1174 1800 1409 1849 triremes
1440 1839 1452 1859 ,

177 1910 235 1942 ac
261 1893 382 1942 alias
408 1911 561 1943 naues
592 1931 605 1952 ‚
641 1914 751 1962 quae
801 1913 830 1944 a
857 1907 995 1962 parte
1021 1894 1281 1943 maritima
1299 1932 1312 1951 ,
1343 1908 1451 1943 tur-

176 1988 278 2038 rim
303 2024 316 2044 ,
365 1989 413 2037 δι’
456 2005 623 2037 arcem
672 1988 814 2037 miris
862 1988 1034 2036 modis
1094 1987 1410 2054 impetebant
1435 2027 1446 2047 ,

177 2080 618 2139 exonerabantur,
680 2098 899 2147 quorum
946 2079 1131 2129 ictibus
1159 2117 1172 2138 ,
1218 2080 1267 2130 &
1311 2079 1447 2146 quasi

177 2170 482 2221 fulminibus
527 2189 764 2241 magnam
804 2172 1000 2222 cladem
1042 2171 1203 2222 hostes
1227 2171 1449 2240 accipie-

178 2264 319 2313 bant.
353 2263 640 2333 Pugnatum
669 2264 736 2315 est
761 2266 1091 2333 vndequaque
1114 2265 1176 2314 ab
1201 2262 1450 2321 hostibus,

177 2357 227 2406 &
254 2356 386 2425 quasi
415 2375 601 2408 corona
652 2358 703 2407 in
728 2360 902 2408 orbem
950 2359 1255 2409 dimicatum
1297 2357 1451 2425 vsque

176 2452 237 2502 ad
285 2464 486 2520 tempus
528 2453 954 2521 pomeridianum.
1013 2452 1137 2519 Qio
1204 2451 1448 2502 conflictu

170 2550 297 2594 rcum
323 2561 350 2592 a
371 2545 495 2594 turri
523 2544 710 2612 depulsi
759 2545 910 2594 effent
935 2582 946 2602 ,
995 2544 1159 2595 subito
1187 2544 1447 2612 duplicato

173 2654 415 2700 numer0‚
463 2657 632 2706 arcem
667 2640 778 2692 aliae
814 2638 1034 2690 hostium
1061 2639 1224 2704 copiae
1270 2651 1448 2702 aggre-

1269 2728 1418 2778 diun-
