<?xml version="1.0" encoding="UTF-8"?>
<!DOCTYPE html PUBLIC "-//W3C//DTD XHTML 1.0 Transitional//EN"
    "http://www.w3.org/TR/xhtml1/DTD/xhtml1-transitional.dtd">
<html xmlns="http://www.w3.org/1999/xhtml" xml:lang="en" lang="en">
 <head>
  <title>
</title>
<meta http-equiv="Content-Type" content="text/html;charset=utf-8" />
  <meta name='ocr-system' content='tesseract 3.04.00' />
  <meta name='ocr-capabilities' content='ocr_page ocr_carea ocr_par ocr_line ocrx_word'/>
</head>
<body>
  <div class='ocr_page' id='page_1' title='image "./damianigoesopusc00gi_0286.png"; bbox 0 0 1965 3256; ppageno 0'>
   <div class='ocr_carea' id='block_1_1' title="bbox 517 247 1388 303">
    <p class='ocr_par' dir='ltr' id='par_1_1' title="bbox 517 247 1388 303">
     <span class='ocr_line' id='line_1_1' title="bbox 517 247 1388 303; baseline -0.001 -15"><span class='ocrx_word' id='word_1_1' title='bbox 517 247 624 303; x_wconf 81' lang='lat'>252</span> <span class='ocrx_word' id='word_1_2' title='bbox 839 249 1128 291; x_wconf 78' lang='lat' dir='ltr'>DAMIANI</span> <span class='ocrx_word' id='word_1_3' title='bbox 1164 252 1203 287; x_wconf 82' lang='lat' dir='ltr'>A</span> <span class='ocrx_word' id='word_1_4' title='bbox 1239 251 1388 288; x_wconf 84' lang='lat' dir='ltr'>GOES</span> 
     </span>
    </p>
   </div>
   <div class='ocr_carea' id='block_1_2' title="bbox 481 375 1794 2783">
    <p class='ocr_par' dir='ltr' id='par_1_2' title="bbox 481 375 1794 2783">
     <span class='ocr_line' id='line_1_2' title="bbox 482 375 1769 445; baseline 0.001 -15"><span class='ocrx_word' id='word_1_5' title='bbox 482 375 753 444; x_wconf 82' lang='lat' dir='ltr'>Prophetis</span> <span class='ocrx_word' id='word_1_6' title='bbox 783 413 796 436; x_wconf 87' lang='lat'><strong>,</strong></span> <span class='ocrx_word' id='word_1_7' title='bbox 840 379 889 428; x_wconf 83' lang='lat'>&amp;</span> <span class='ocrx_word' id='word_1_8' title='bbox 916 380 967 430; x_wconf 90' lang='lat' dir='ltr'>in</span> <span class='ocrx_word' id='word_1_9' title='bbox 996 377 1279 445; x_wconf 80' lang='lat' dir='ltr'>Euangelio</span> <span class='ocrx_word' id='word_1_10' title='bbox 1309 414 1323 436; x_wconf 90' lang='lat'>‚</span> <span class='ocrx_word' id='word_1_11' title='bbox 1364 388 1514 445; x_wconf 88' lang='lat' dir='ltr'>atque</span> <span class='ocrx_word' id='word_1_12' title='bbox 1542 377 1592 427; x_wconf 90' lang='lat' dir='ltr'>in</span> <span class='ocrx_word' id='word_1_13' title='bbox 1624 376 1769 431; x_wconf 84' lang='lat' dir='ltr'>libris</span> 
     </span>
     <span class='ocr_line' id='line_1_3' title="bbox 482 469 1780 541; baseline 0.001 -21"><span class='ocrx_word' id='word_1_14' title='bbox 482 469 789 538; x_wconf 81' lang='lat' dir='ltr'>synodorum</span> <span class='ocrx_word' id='word_1_15' title='bbox 835 471 1196 541; x_wconf 78' lang='lat' dir='ltr'>Apostolorum</span> <span class='ocrx_word' id='word_1_16' title='bbox 1247 471 1359 522; x_wconf 87' lang='lat' dir='ltr'>sunt</span> <span class='ocrx_word' id='word_1_17' title='bbox 1401 510 1414 531; x_wconf 90' lang='lat'><strong>,</strong></span> <span class='ocrx_word' id='word_1_18' title='bbox 1465 470 1721 523; x_wconf 81' lang='lat' dir='ltr'>seruamus</span> <span class='ocrx_word' id='word_1_19' title='bbox 1764 507 1780 530; x_wconf 87' lang='lat'><em>,</em></span> 
     </span>
     <span class='ocr_line' id='line_1_4' title="bbox 481 570 1769 639; baseline 0.002 -22"><span class='ocrx_word' id='word_1_20' title='bbox 481 581 570 618; x_wconf 81' lang='lat' dir='ltr'>aut</span> <span class='ocrx_word' id='word_1_21' title='bbox 595 570 915 621; x_wconf 67' lang='lat' dir='ltr'>admittimus</span> <span class='ocrx_word' id='word_1_22' title='bbox 945 609 959 630; x_wconf 92' lang='lat'>‚</span> <span class='ocrx_word' id='word_1_23' title='bbox 987 571 1035 621; x_wconf 68' lang='grc' dir='ltr'>δε</span> <span class='ocrx_word' id='word_1_24' title='bbox 1062 571 1210 639; x_wconf 83' lang='lat' dir='ltr'>fiquae</span> <span class='ocrx_word' id='word_1_25' title='bbox 1233 570 1329 620; x_wconf 84' lang='lat' dir='ltr'>alia</span> <span class='ocrx_word' id='word_1_26' title='bbox 1350 583 1529 638; x_wconf 87' lang='lat' dir='ltr'>praeter</span> <span class='ocrx_word' id='word_1_27' title='bbox 1554 571 1662 621; x_wconf 74' lang='lat' dir='ltr'>haec</span> <span class='ocrx_word' id='word_1_28' title='bbox 1689 589 1769 620; x_wconf 89' lang='lat' dir='ltr'>re-</span> 
     </span>
     <span class='ocr_line' id='line_1_5' title="bbox 481 662 1777 733; baseline 0.002 -22"><span class='ocrx_word' id='word_1_29' title='bbox 481 662 706 731; x_wconf 84' lang='lat' dir='ltr'>cipimus</span> <span class='ocrx_word' id='word_1_30' title='bbox 736 700 749 721; x_wconf 87' lang='lat'>,</span> <span class='ocrx_word' id='word_1_31' title='bbox 779 682 834 713; x_wconf 86' lang='lat' dir='ltr'>ea</span> <span class='ocrx_word' id='word_1_32' title='bbox 861 663 1119 714; x_wconf 83' lang='lat' dir='ltr'>seruantur</span> <span class='ocrx_word' id='word_1_33' title='bbox 1146 665 1355 715; x_wconf 83' lang='lat' dir='ltr'>interim</span> <span class='ocrx_word' id='word_1_34' title='bbox 1385 702 1399 723; x_wconf 88' lang='lat'><em>,</em></span> <span class='ocrx_word' id='word_1_35' title='bbox 1440 664 1576 733; x_wconf 88' lang='lat' dir='ltr'>quod</span> <span class='ocrx_word' id='word_1_36' title='bbox 1603 666 1664 714; x_wconf 84' lang='lat' dir='ltr'>ad</span> <span class='ocrx_word' id='word_1_37' title='bbox 1692 683 1777 714; x_wconf 91' lang='lat' dir='ltr'>or-</span> 
     </span>
     <span class='ocr_line' id='line_1_6' title="bbox 483 754 1786 824; baseline 0.002 -21"><span class='ocrx_word' id='word_1_38' title='bbox 483 754 654 804; x_wconf 83' lang='lat' dir='ltr'><strong>dinem</strong></span> <span class='ocrx_word' id='word_1_39' title='bbox 684 756 733 805; x_wconf 78' lang='lat'>&amp;</span> <span class='ocrx_word' id='word_1_40' title='bbox 759 774 933 823; x_wconf 78' lang='lat' dir='ltr'>pacem</span> <span class='ocrx_word' id='word_1_41' title='bbox 966 757 1201 808; x_wconf 80' lang='lat' dir='ltr'>Ecclesiae</span> <span class='ocrx_word' id='word_1_42' title='bbox 1230 758 1464 808; x_wconf 80' lang='lat' dir='ltr'>videntur</span> <span class='ocrx_word' id='word_1_43' title='bbox 1511 755 1731 824; x_wconf 69' lang='lat' dir='ltr'>spe&amp;are</span> <span class='ocrx_word' id='word_1_44' title='bbox 1770 791 1786 815; x_wconf 87' lang='lat'><strong>,</strong></span> 
     </span>
     <span class='ocr_line' id='line_1_7' title="bbox 481 849 1780 922; baseline 0.003 -23"><span class='ocrx_word' id='word_1_45' title='bbox 481 849 537 899; x_wconf 79' lang='lat' dir='ltr'>id</span> <span class='ocrx_word' id='word_1_46' title='bbox 566 862 735 900; x_wconf 82' lang='lat' dir='ltr'>tamen</span> <span class='ocrx_word' id='word_1_47' title='bbox 762 851 862 901; x_wconf 87' lang='lat' dir='ltr'>sine</span> <span class='ocrx_word' id='word_1_48' title='bbox 888 853 1059 921; x_wconf 78' lang='lat' dir='ltr'>aliquo</span> <span class='ocrx_word' id='word_1_49' title='bbox 1086 853 1281 922; x_wconf 71' lang='lat' dir='ltr'>peccati</span> <span class='ocrx_word' id='word_1_50' title='bbox 1316 851 1543 902; x_wconf 73' lang='lat' dir='ltr'>vinculo,</span> <span class='ocrx_word' id='word_1_51' title='bbox 1575 851 1780 919; x_wconf 81' lang='lat' dir='ltr'>Qam·</span> 
     </span>
     <span class='ocr_line' id='line_1_8' title="bbox 486 944 1779 1009; baseline 0.005 -18"><span class='ocrx_word' id='word_1_52' title='bbox 486 944 666 993; x_wconf 88' lang='lat' dir='ltr'>obrem</span> <span class='ocrx_word' id='word_1_53' title='bbox 697 945 1017 996; x_wconf 69' lang='lat' dir='ltr'>circumcisio</span> <span class='ocrx_word' id='word_1_54' title='bbox 1047 946 1214 997; x_wconf 81' lang='lat' dir='ltr'>nostra</span> <span class='ocrx_word' id='word_1_55' title='bbox 1248 946 1515 996; x_wconf 82' lang='lat' dir='ltr'>immunda</span> <span class='ocrx_word' id='word_1_56' title='bbox 1541 964 1644 996; x_wconf 84' lang='lat' dir='ltr'>non</span> <span class='ocrx_word' id='word_1_57' title='bbox 1670 947 1736 998; x_wconf 87' lang='lat' dir='ltr'>est</span> <span class='ocrx_word' id='word_1_58' title='bbox 1766 987 1779 1009; x_wconf 88' lang='lat'><em>‚</em></span> 
     </span>
     <span class='ocr_line' id='line_1_9' title="bbox 487 1036 1788 1110; baseline 0.002 -22"><span class='ocrx_word' id='word_1_59' title='bbox 487 1036 571 1088; x_wconf 85' lang='lat' dir='ltr'>sed</span> <span class='ocrx_word' id='word_1_60' title='bbox 599 1039 679 1088; x_wconf 83' lang='lat' dir='ltr'>lex</span> <span class='ocrx_word' id='word_1_61' title='bbox 702 1041 751 1090; x_wconf 84' lang='lat'>&amp;</span> <span class='ocrx_word' id='word_1_62' title='bbox 771 1040 932 1107; x_wconf 78' lang='lat' dir='ltr'>gratia</span> <span class='ocrx_word' id='word_1_63' title='bbox 956 1041 1068 1089; x_wconf 76' lang='lat' dir='ltr'>data</span> <span class='ocrx_word' id='word_1_64' title='bbox 1094 1040 1222 1108; x_wconf 66' lang='lat' dir='ltr'>patri</span> <span class='ocrx_word' id='word_1_65' title='bbox 1250 1039 1416 1089; x_wconf 86' lang='lat' dir='ltr'>nostro</span> <span class='ocrx_word' id='word_1_66' title='bbox 1444 1039 1669 1110; x_wconf 65' lang='lat' dir='ltr'>Abrahaev</span> <span class='ocrx_word' id='word_1_67' title='bbox 1691 1040 1788 1100; x_wconf 83' lang='lat' dir='ltr'>est,</span> 
     </span>
     <span class='ocr_line' id='line_1_10' title="bbox 490 1130 1788 1198; baseline 0.002 -21"><span class='ocrx_word' id='word_1_68' title='bbox 490 1146 644 1197; x_wconf 80' lang='lat' dir='ltr'>quam</span> <span class='ocrx_word' id='word_1_69' title='bbox 684 1149 710 1179; x_wconf 79' lang='lat' dir='ltr'>a</span> <span class='ocrx_word' id='word_1_70' title='bbox 741 1130 858 1180; x_wconf 88' lang='lat' dir='ltr'>Deo</span> <span class='ocrx_word' id='word_1_71' title='bbox 885 1144 1129 1198; x_wconf 73' lang='lat' dir='ltr'>tanquam</span> <span class='ocrx_word' id='word_1_72' title='bbox 1158 1130 1355 1198; x_wconf 82' lang='lat' dir='ltr'>signum</span> <span class='ocrx_word' id='word_1_73' title='bbox 1383 1130 1582 1198; x_wconf 86' lang='lat' dir='ltr'>accepit</span> <span class='ocrx_word' id='word_1_74' title='bbox 1609 1167 1624 1189; x_wconf 88' lang='lat'><em>,</em></span> <span class='ocrx_word' id='word_1_75' title='bbox 1683 1146 1788 1180; x_wconf 90' lang='lat' dir='ltr'>non</span> 
     </span>
     <span class='ocr_line' id='line_1_11' title="bbox 493 1223 1790 1294; baseline 0 -20"><span class='ocrx_word' id='word_1_76' title='bbox 493 1238 558 1282; x_wconf 81' lang='lat' dir='ltr'>vt,</span> <span class='ocrx_word' id='word_1_77' title='bbox 576 1238 783 1294; x_wconf 87' lang='lat' dir='ltr'>propter</span> <span class='ocrx_word' id='word_1_78' title='bbox 808 1223 1252 1275; x_wconf 87' lang='lat' dir='ltr'>circumcisionem</span> <span class='ocrx_word' id='word_1_79' title='bbox 1289 1223 1453 1275; x_wconf 82' lang='lat' dir='ltr'>saluus</span> <span class='ocrx_word' id='word_1_80' title='bbox 1496 1225 1637 1275; x_wconf 87' lang='lat' dir='ltr'>fieret</span> <span class='ocrx_word' id='word_1_81' title='bbox 1659 1261 1674 1284; x_wconf 89' lang='lat'><em>‚</em></span> <span class='ocrx_word' id='word_1_82' title='bbox 1702 1235 1790 1275; x_wconf 87' lang='lat' dir='ltr'>aut</span> 
     </span>
     <span class='ocr_line' id='line_1_12' title="bbox 491 1315 1788 1387; baseline -0.001 -19"><span class='ocrx_word' id='word_1_83' title='bbox 491 1317 587 1368; x_wconf 85' lang='lat' dir='ltr'>filii</span> <span class='ocrx_word' id='word_1_84' title='bbox 615 1317 725 1367; x_wconf 84' lang='lat' dir='ltr'>eius</span> <span class='ocrx_word' id='word_1_85' title='bbox 767 1354 780 1376; x_wconf 87' lang='lat'><em>‚</em></span> <span class='ocrx_word' id='word_1_86' title='bbox 809 1315 891 1367; x_wconf 92' lang='lat' dir='ltr'>sed</span> <span class='ocrx_word' id='word_1_87' title='bbox 916 1331 967 1367; x_wconf 77' lang='lat' dir='ltr'>vt</span> <span class='ocrx_word' id='word_1_88' title='bbox 994 1317 1084 1387; x_wconf 74' lang='lat' dir='ltr'>ipsi</span> <span class='ocrx_word' id='word_1_89' title='bbox 1132 1316 1227 1368; x_wconf 84' lang='lat' dir='ltr'>filii</span> <span class='ocrx_word' id='word_1_90' title='bbox 1270 1317 1489 1369; x_wconf 83' lang='lat' dir='ltr'>Abrahae</span> <span class='ocrx_word' id='word_1_91' title='bbox 1537 1336 1567 1368; x_wconf 88' lang='lat' dir='ltr'>a</span> <span class='ocrx_word' id='word_1_92' title='bbox 1593 1317 1788 1368; x_wconf 86' lang='lat' dir='ltr'>caeteris</span> 
     </span>
     <span class='ocr_line' id='line_1_13' title="bbox 489 1411 1785 1482; baseline 0.002 -20"><span class='ocrx_word' id='word_1_93' title='bbox 489 1412 789 1463; x_wconf 72' lang='lat' dir='ltr'>nationibus</span> <span class='ocrx_word' id='word_1_94' title='bbox 818 1411 1221 1464; x_wconf 83' lang='lat' dir='ltr'>dinoscerentur.</span> <span class='ocrx_word' id='word_1_95' title='bbox 1269 1411 1337 1464; x_wconf 80' lang='lat' dir='ltr'>Et</span> <span class='ocrx_word' id='word_1_96' title='bbox 1367 1413 1418 1464; x_wconf 88' lang='lat' dir='ltr'>id</span> <span class='ocrx_word' id='word_1_97' title='bbox 1463 1412 1600 1482; x_wconf 90' lang='lat' dir='ltr'>quod</span> <span class='ocrx_word' id='word_1_98' title='bbox 1649 1411 1785 1482; x_wconf 90' lang='lat' dir='ltr'>sym-</span> 
     </span>
     <span class='ocr_line' id='line_1_14' title="bbox 491 1506 1785 1560; baseline 0 -2"><span class='ocrx_word' id='word_1_99' title='bbox 491 1508 613 1558; x_wconf 89' lang='lat' dir='ltr'>bolo</span> <span class='ocrx_word' id='word_1_100' title='bbox 641 1506 1049 1557; x_wconf 74' lang='lat' dir='ltr'>circumcisionis</span> <span class='ocrx_word' id='word_1_101' title='bbox 1089 1507 1305 1559; x_wconf 77' lang='lat' dir='ltr'>latenter</span> <span class='ocrx_word' id='word_1_102' title='bbox 1352 1507 1628 1559; x_wconf 87' lang='lat' dir='ltr'>ostenditur</span> <span class='ocrx_word' id='word_1_103' title='bbox 1664 1510 1785 1560; x_wconf 87' lang='lat' dir='ltr'>exi-</span> 
     </span>
     <span class='ocr_line' id='line_1_15' title="bbox 490 1599 1785 1668; baseline 0.002 -17"><span class='ocrx_word' id='word_1_104' title='bbox 490 1601 595 1651; x_wconf 85' lang='lat' dir='ltr'>mie</span> <span class='ocrx_word' id='word_1_105' title='bbox 625 1599 880 1650; x_wconf 77' lang='lat' dir='ltr'>seruamus</span> <span class='ocrx_word' id='word_1_106' title='bbox 907 1636 919 1657; x_wconf 91' lang='lat'><em>,</em></span> <span class='ocrx_word' id='word_1_107' title='bbox 977 1617 1159 1668; x_wconf 82' lang='lat' dir='ltr'><strong>nempe</strong></span> <span class='ocrx_word' id='word_1_108' title='bbox 1204 1613 1256 1651; x_wconf 84' lang='lat' dir='ltr'>vt</span> <span class='ocrx_word' id='word_1_109' title='bbox 1302 1601 1450 1652; x_wconf 91' lang='lat' dir='ltr'>corde</span> <span class='ocrx_word' id='word_1_110' title='bbox 1495 1602 1785 1653; x_wconf 71' lang='lat' dir='ltr'>circumcisi</span> 
     </span>
     <span class='ocr_line' id='line_1_16' title="bbox 488 1690 1783 1760; baseline -0.002 -18"><span class='ocrx_word' id='word_1_111' title='bbox 488 1691 661 1742; x_wconf 84' lang='lat' dir='ltr'>simus.</span> <span class='ocrx_word' id='word_1_112' title='bbox 707 1690 824 1741; x_wconf 88' lang='lat' dir='ltr'>Nec</span> <span class='ocrx_word' id='word_1_113' title='bbox 874 1693 939 1740; x_wconf 89' lang='lat' dir='ltr'>ob</span> <span class='ocrx_word' id='word_1_114' title='bbox 967 1691 1407 1742; x_wconf 82' lang='lat' dir='ltr'>circumcisionem</span> <span class='ocrx_word' id='word_1_115' title='bbox 1452 1692 1733 1760; x_wconf 85' lang='lat' dir='ltr'>gloriamur</span> <span class='ocrx_word' id='word_1_116' title='bbox 1768 1729 1783 1750; x_wconf 90' lang='lat'><em>,</em></span> 
     </span>
     <span class='ocr_line' id='line_1_17' title="bbox 489 1782 1787 1853; baseline -0.002 -18"><span class='ocrx_word' id='word_1_117' title='bbox 489 1801 585 1836; x_wconf 89' lang='lat' dir='ltr'>nec</span> <span class='ocrx_word' id='word_1_118' title='bbox 613 1782 771 1833; x_wconf 79' lang='lat' dir='ltr'>etiam</span> <span class='ocrx_word' id='word_1_119' title='bbox 798 1783 992 1832; x_wconf 73' lang='lat' dir='ltr'>caetcris</span> <span class='ocrx_word' id='word_1_120' title='bbox 1039 1783 1321 1834; x_wconf 79' lang='lat' dir='ltr'>christianis</span> <span class='ocrx_word' id='word_1_121' title='bbox 1351 1795 1592 1853; x_wconf 75' lang='lat' dir='ltr'>putamus</span> <span class='ocrx_word' id='word_1_122' title='bbox 1635 1784 1702 1833; x_wconf 91' lang='lat' dir='ltr'>ob</span> <span class='ocrx_word' id='word_1_123' title='bbox 1732 1782 1787 1833; x_wconf 85' lang='lat' dir='ltr'>id</span> 
     </span>
     <span class='ocr_line' id='line_1_18' title="bbox 490 1870 1787 1944; baseline 0 -21"><span class='ocrx_word' id='word_1_124' title='bbox 490 1874 770 1924; x_wconf 82' lang='lat' dir='ltr'>nobiliores</span> <span class='ocrx_word' id='word_1_125' title='bbox 801 1913 814 1934; x_wconf 90' lang='lat'><em>,</em></span> <span class='ocrx_word' id='word_1_126' title='bbox 855 1893 947 1925; x_wconf 85' lang='lat' dir='ltr'>nec</span> <span class='ocrx_word' id='word_1_127' title='bbox 979 1877 1095 1927; x_wconf 89' lang='lat' dir='ltr'>Deo</span> <span class='ocrx_word' id='word_1_128' title='bbox 1122 1875 1435 1943; x_wconf 67' lang='lat' dir='ltr'>acceptiores</span> <span class='ocrx_word' id='word_1_129' title='bbox 1479 1875 1571 1924; x_wconf 85' lang='lat' dir='ltr'>effe</span> <span class='ocrx_word' id='word_1_130' title='bbox 1598 1911 1612 1935; x_wconf 90' lang='lat'>,</span> <span class='ocrx_word' id='word_1_131' title='bbox 1650 1870 1787 1944; x_wconf 80' lang='lat' dir='ltr'>apud.</span> 
     </span>
     <span class='ocr_line' id='line_1_19' title="bbox 492 1967 1786 2039; baseline -0.001 -20"><span class='ocrx_word' id='word_1_132' title='bbox 492 1987 648 2036; x_wconf 86' lang='lat' dir='ltr'>quem</span> <span class='ocrx_word' id='word_1_133' title='bbox 683 1971 822 2022; x_wconf 75' lang='lat' dir='ltr'>nulla</span> <span class='ocrx_word' id='word_1_134' title='bbox 867 1971 933 2021; x_wconf 75' lang='lat' dir='ltr'>est</span> <span class='ocrx_word' id='word_1_135' title='bbox 961 1971 1191 2038; x_wconf 74' lang='lat' dir='ltr'>acceptio</span> <span class='ocrx_word' id='word_1_136' title='bbox 1242 1968 1568 2039; x_wconf 84' lang='lat' dir='ltr'>personarum</span> <span class='ocrx_word' id='word_1_137' title='bbox 1601 2006 1616 2028; x_wconf 89' lang='lat'><strong><em>,</em></strong></span> <span class='ocrx_word' id='word_1_138' title='bbox 1667 1967 1786 2019; x_wconf 88' lang='lat' dir='ltr'>teste</span> 
     </span>
     <span class='ocr_line' id='line_1_20' title="bbox 494 2060 1792 2133; baseline 0.003 -22"><span class='ocrx_word' id='word_1_139' title='bbox 494 2060 658 2114; x_wconf 82' lang='lat' dir='ltr'>Paulo</span> <span class='ocrx_word' id='word_1_140' title='bbox 687 2102 701 2124; x_wconf 93' lang='lat'>‚</span> <span class='ocrx_word' id='word_1_141' title='bbox 745 2066 834 2133; x_wconf 88' lang='lat' dir='ltr'>qui</span> <span class='ocrx_word' id='word_1_142' title='bbox 861 2065 1018 2116; x_wconf 69' lang='lat' dir='ltr'>eriam</span> <span class='ocrx_word' id='word_1_143' title='bbox 1069 2063 1285 2114; x_wconf 87' lang='lat' dir='ltr'>ostendit</span> <span class='ocrx_word' id='word_1_144' title='bbox 1327 2081 1421 2113; x_wconf 89' lang='lat' dir='ltr'>nos</span> <span class='ocrx_word' id='word_1_145' title='bbox 1466 2061 1628 2114; x_wconf 88' lang='lat' dir='ltr'>saluos</span> <span class='ocrx_word' id='word_1_146' title='bbox 1675 2061 1792 2121; x_wconf 74' lang='lat' dir='ltr'>fieti</span> 
     </span>
     <span class='ocr_line' id='line_1_21' title="bbox 496 2151 1790 2226; baseline -0.002 -22"><span class='ocrx_word' id='word_1_147' title='bbox 496 2171 603 2204; x_wconf 84' lang='lat' dir='ltr'>non</span> <span class='ocrx_word' id='word_1_148' title='bbox 630 2171 838 2226; x_wconf 82' lang='lat' dir='ltr'>propter</span> <span class='ocrx_word' id='word_1_149' title='bbox 865 2156 1308 2208; x_wconf 73' lang='lat' dir='ltr'>circumcisionem</span> <span class='ocrx_word' id='word_1_150' title='bbox 1335 2191 1348 2214; x_wconf 93' lang='lat'><em>,</em></span> <span class='ocrx_word' id='word_1_151' title='bbox 1390 2154 1471 2204; x_wconf 88' lang='lat' dir='ltr'>sed</span> <span class='ocrx_word' id='word_1_152' title='bbox 1496 2151 1790 2222; x_wconf 66' lang='lat' dir='ltr'>propter‘fi-</span> 
     </span>
     <span class='ocr_line' id='line_1_22' title="bbox 494 2243 1788 2316; baseline 0 -23"><span class='ocrx_word' id='word_1_153' title='bbox 494 2245 613 2294; x_wconf 89' lang='lat' dir='ltr'>dem</span> <span class='ocrx_word' id='word_1_154' title='bbox 654 2286 667 2305; x_wconf 95' lang='lat'><em>‚</em></span> <span class='ocrx_word' id='word_1_155' title='bbox 689 2250 812 2316; x_wconf 76' lang='lat' dir='ltr'>quia</span> <span class='ocrx_word' id='word_1_156' title='bbox 861 2250 913 2299; x_wconf 89' lang='lat' dir='ltr'>in</span> <span class='ocrx_word' id='word_1_157' title='bbox 943 2247 1146 2300; x_wconf 87' lang='lat' dir='ltr'>Christo</span> <span class='ocrx_word' id='word_1_158' title='bbox 1176 2246 1291 2299; x_wconf 88' lang='lat' dir='ltr'>Iesu</span> <span class='ocrx_word' id='word_1_159' title='bbox 1317 2261 1425 2296; x_wconf 79' lang='lat' dir='ltr'>&#39;nec</span> <span class='ocrx_word' id='word_1_160' title='bbox 1466 2243 1788 2295; x_wconf 85' lang='lat' dir='ltr'>circumcisio</span> 
     </span>
     <span class='ocr_line' id='line_1_23' title="bbox 492 2337 1792 2412; baseline -0.001 -24"><span class='ocrx_word' id='word_1_161' title='bbox 492 2340 689 2407; x_wconf 79' lang='lat' dir='ltr'>aliquid</span> <span class='ocrx_word' id='word_1_162' title='bbox 747 2344 879 2393; x_wconf 83' lang='lat' dir='ltr'>valet</span> <span class='ocrx_word' id='word_1_163' title='bbox 909 2381 921 2402; x_wconf 91' lang='lat'>‚</span> <span class='ocrx_word' id='word_1_164' title='bbox 970 2361 1060 2393; x_wconf 90' lang='lat' dir='ltr'>nec</span> <span class='ocrx_word' id='word_1_165' title='bbox 1122 2342 1431 2412; x_wconf 72' lang='lat' dir='ltr'>praeputium</span> <span class='ocrx_word' id='word_1_166' title='bbox 1457 2377 1472 2400; x_wconf 86' lang='lat'><em>,</em></span> <span class='ocrx_word' id='word_1_167' title='bbox 1519 2337 1602 2389; x_wconf 90' lang='lat' dir='ltr'>sed</span> <span class='ocrx_word' id='word_1_168' title='bbox 1655 2353 1792 2387; x_wconf 87' lang='lat' dir='ltr'>noua</span> 
     </span>
     <span class='ocr_line' id='line_1_24' title="bbox 494 2429 1794 2502; baseline -0.003 -17"><span class='ocrx_word' id='word_1_169' title='bbox 494 2449 742 2487; x_wconf 73' lang='lat' dir='ltr'>creatura.</span> <span class='ocrx_word' id='word_1_170' title='bbox 779 2434 831 2484; x_wconf 84' lang='lat' dir='ltr'>Is</span> <span class='ocrx_word' id='word_1_171' title='bbox 858 2448 1030 2485; x_wconf 77' lang='lat' dir='ltr'>autem</span> <span class='ocrx_word' id='word_1_172' title='bbox 1058 2435 1245 2486; x_wconf 84' lang='lat' dir='ltr'>Paulus</span> <span class='ocrx_word' id='word_1_173' title='bbox 1274 2453 1375 2485; x_wconf 89' lang='lat' dir='ltr'>non</span> <span class='ocrx_word' id='word_1_174' title='bbox 1405 2432 1701 2502; x_wconf 68' lang='lat' dir='ltr'>praedicauit</span> <span class='ocrx_word' id='word_1_175' title='bbox 1729 2429 1794 2489; x_wconf 76' lang='lat' dir='ltr'>ad</span> 
     </span>
     <span class='ocr_line' id='line_1_25' title="bbox 494 2525 1790 2595; baseline -0.007 -13"><span class='ocrx_word' id='word_1_176' title='bbox 494 2527 840 2581; x_wconf 82' lang='lat' dir='ltr'>destruendam</span> <span class='ocrx_word' id='word_1_177' title='bbox 892 2528 1054 2595; x_wconf 78' lang='lat' dir='ltr'>legem</span> <span class='ocrx_word' id='word_1_178' title='bbox 1092 2564 1106 2585; x_wconf 88' lang='lat'><em>,</em></span> <span class='ocrx_word' id='word_1_179' title='bbox 1153 2527 1237 2577; x_wconf 84' lang='lat' dir='ltr'>sed</span> <span class='ocrx_word' id='word_1_180' title='bbox 1281 2529 1341 2577; x_wconf 86' lang='lat' dir='ltr'>ad</span> <span class='ocrx_word' id='word_1_181' title='bbox 1394 2525 1742 2576; x_wconf 87' lang='lat' dir='ltr'>stabiliendam</span> <span class='ocrx_word' id='word_1_182' title='bbox 1772 2532 1790 2579; x_wconf 75' lang='lat'>&#39;,</span> 
     </span>
     <span class='ocr_line' id='line_1_26' title="bbox 498 2613 1785 2691; baseline -0.009 -18"><span class='ocrx_word' id='word_1_183' title='bbox 498 2623 585 2691; x_wconf 86' lang='lat' dir='ltr'>qui</span> <span class='ocrx_word' id='word_1_184' title='bbox 613 2619 944 2672; x_wconf 85' lang='lat' dir='ltr'>circumcisus</span> <span class='ocrx_word' id='word_1_185' title='bbox 968 2637 1170 2687; x_wconf 86' lang='lat' dir='ltr'>quoque</span> <span class='ocrx_word' id='word_1_186' title='bbox 1210 2618 1310 2667; x_wconf 85' lang='lat' dir='ltr'>fuit</span> <span class='ocrx_word' id='word_1_187' title='bbox 1338 2654 1352 2675; x_wconf 91' lang='lat'>‚</span> <span class='ocrx_word' id='word_1_188' title='bbox 1399 2618 1449 2667; x_wconf 74' lang='grc' dir='ltr'>δε</span> <span class='ocrx_word' id='word_1_189' title='bbox 1499 2634 1563 2666; x_wconf 81' lang='lat' dir='ltr'>ex</span> <span class='ocrx_word' id='word_1_190' title='bbox 1590 2613 1785 2664; x_wconf 83' lang='lat' dir='ltr'>semine</span> 
     </span>
     <span class='ocr_line' id='line_1_27' title="bbox 504 2705 1789 2783; baseline -0.016 -11"><span class='ocrx_word' id='word_1_191' title='bbox 504 2715 780 2773; x_wconf 80' lang='lat' dir='ltr'>Beniamin</span> <span class='ocrx_word' id='word_1_192' title='bbox 802 2753 818 2777; x_wconf 89' lang='lat'><em>‚</em></span> <span class='ocrx_word' id='word_1_193' title='bbox 846 2715 888 2766; x_wconf 86' lang='lat' dir='ltr'>is</span> <span class='ocrx_word' id='word_1_194' title='bbox 914 2730 1118 2783; x_wconf 80' lang='lat' dir='ltr'>quoque</span> <span class='ocrx_word' id='word_1_195' title='bbox 1145 2709 1494 2765; x_wconf 87' lang='lat' dir='ltr'>Timotheum</span> <span class='ocrx_word' id='word_1_196' title='bbox 1521 2709 1623 2759; x_wconf 85' lang='lat' dir='ltr'>iam</span> <span class='ocrx_word' id='word_1_197' title='bbox 1649 2705 1789 2756; x_wconf 83' lang='lat' dir='ltr'>chri-</span> 
     </span>
    </p>
   </div>
   <div class='ocr_carea' id='block_1_3' title="bbox 1637 2797 1752 2850">
    <p class='ocr_par' dir='ltr' id='par_1_3' title="bbox 1637 2797 1752 2850">
     <span class='ocr_line' id='line_1_28' title="bbox 1637 2797 1752 2850; baseline -0.017 0"><span class='ocrx_word' id='word_1_198' title='bbox 1637 2797 1752 2850; x_wconf 84' lang='lat' dir='ltr'>stia-</span> 
     </span>
    </p>
   </div>
   <div class='ocr_carea' id='block_1_4' title="bbox 1954 0 1965 115">
    <p class='ocr_par' dir='ltr' id='par_1_4' title="bbox 1954 0 1965 115">
     <span class='ocr_line' id='line_1_29' title="bbox 1954 0 1965 115; textangle 90"><span class='ocrx_word' id='word_1_199' title='bbox 1954 0 1965 115; x_wconf 50' lang='lat' dir='ltr'>·-···.ss</span> 
     </span>
    </p>
   </div>
   <div class='ocr_carea' id='block_1_5' title="bbox 1954 1030 1965 1130">
    <p class='ocr_par' dir='ltr' id='par_1_5' title="bbox 1954 1030 1965 1130">
     <span class='ocr_line' id='line_1_30' title="bbox 1954 1030 1965 1130; textangle 90"><span class='ocrx_word' id='word_1_200' title='bbox 1954 1116 1960 1130; x_wconf 78' lang='lat'>⁴·</span> <span class='ocrx_word' id='word_1_201' title='bbox 1955 1030 1965 1096; x_wconf 44' lang='grc' dir='ltr'>βα</span> 
     </span>
    </p>
   </div>
  </div>
 </body>
</html>
