1965 3256
535 226 633 277 188
923 247 1207 288 nAmrANr
1250 253 1289 289 A
1343 255 1487 293 cons

494 381 532 405 „
561 344 794 412 posuerat
822 387 835 407 ,
865 364 916 401 vt
945 352 1166 406 securius
1195 376 1283 426 per
1302 359 1426 412 fines
1467 362 1775 419 Maurorum

496 475 532 498 „
563 438 657 489 iter
685 438 891 496 faceret.
940 443 1134 498 Verum
1161 449 1203 499 is
1234 450 1287 499 in
1338 451 1512 505 Dabul
1561 476 1589 507 a
1615 455 1776 510 NIau-

491 567 531 588 ‚,
561 531 628 581 ris
676 550 767 600 pro
815 533 1105 589 Christiano
1163 542 1363 610 agnitus
1415 545 1468 596 in
1518 565 1773 602 carcerem

495 661 530 683 ,‚
561 622 660 673 fuit
720 626 1010 681 coniectus,
1078 630 1235 700 Qod
1286 654 1406 687 cum
1441 638 1771 708 'fignificaffet

496 754 534 776 ‚‚
564 715 840 770 vestrorum
868 725 1191 777 exercituum
1219 726 1470 782 Praefecto
1502 771 1516 793 ‚
1564 735 1606 785 is
1634 738 1768 788 misit

488 845 525 867 ‚‚
559 809 713 862 fortes
752 815 917 876 viros,
962 820 1047 889 qui
1106 819 1454 878 Christianum
1499 829 1768 883 hominem

486 939 525 960 ,‚
555 921 581 952 e
609 908 870 958 teterrimo
928 929 1125 964 carcere
1176 916 1485 981 liberarent,
1537 926 1766 977 maxime

483 1033 522 1054 ‚‚
551 1014 667 1048 cum
722 1001 965 1053 didicisset
1002 1023 1120 1056 eum
1172 1010 1264 1059 effe
1290 1012 1515 1080 legatum
1560 1038 1760 1074 meum.

482 1124 526 1145 ‚,
557 1086 737 1155 Itaque
760 1091 906 1140 illum
926 1131 939 1151 ,
964 1112 1194 1163 ereptum
1215 1119 1242 1148 e
1259 1105 1500 1156 manibus
1520 1108 1763 1161 inimico-

486 1212 522 1236 „
549 1195 664 1226 rum
690 1216 703 1238 ,
737 1184 935 1233 curauit
975 1186 1143 1237 vestris
1165 1194 1382 1243 nauibus
1412 1232 1426 1254 ‚
1463 1198 1522 1247 ad
1550 1201 1764 1270 conspe-

480 1306 519 1328 „
550 1270 693 1321 &tum
727 1274 944 1328 vestrum
970 1317 983 1337 ,
1019 1283 1463 1341 transuehendum.
1511 1292 1565 1343 Is
1615 1294 1761 1349 Mat-

478 1399 524 1422 „
547 1365 708 1416 thaeus
768 1389 885 1422 meo
939 1377 1152 1428 nomine
1203 1380 1298 1432 tibi
1340 1382 1471 1452 Regi
1522 1389 1762 1442 mandata

476 1491 514 1512 ‚,
542 1459 814 1526 exposuit,
847 1466 1194 1539 rescripsitque
1227 1473 1277 1523 se
1320 1475 1602 1530 honorifice
1653 1481 1758 1532 sus-

475 1583 513 1604 „
543 1562 751 1617 ceptum
790 1554 933 1609 fuisse
957 1598 970 1617 ‚
1023 1563 1350 1616 &cumulate
1385 1571 1561 1620 omnis
1601 1591 1757 1642 gene-

472 1678 512 1698 „
541 1644 610 1691 ris
650 1649 944 1702 muneribus
972 1653 1288 1706 honestatum
1309 1695 1323 1717 ,
1347 1662 1484 1728 quod
1504 1663 1552 1712 &
1576 1666 1752 1717 nuncii

472 1770 511 1792 ‚‚
539 1736 727 1801 pariter
753 1740 895 1793 vestri
961 1745 1279 1798 affirmabant
1300 1789 1312 1809 ,
1366 1770 1495 1820 quos
1529 1773 1749 1825 magnus

469 1859 508 1883 2,
538 1828 704 1880 vestrae
731 1831 891 1884 claffis
921 1836 1197 1890 Praefcc³m3
1226 1842 1456 1894 Didacus
1484 1845 1663 1914 Lupus
1689 1851 1752 1902 de

471 1957 510 1979 ‚.
541 1922 780 1993 Sequeira
805 1932 868 1980 ad
898 1950 989 1983 nos
1017 1935 1171 1996 misit,
1197 1939 1285 2005 qui
1310 1940 1505 1995 litteras
1533 1943 1750 2010 praesen-

471 2050 506 2072 „
537 2027 706 2069 tarunt
728 2058 742 2078 ‚
796 2040 918 2090 quas
969 2024 1143 2077 afferre
1191 2030 1431 2080 debuerat
1482 2031 1747 2083 Eduardus

467 2144 505 2165 ,‚
535 2106 803 2162 Galuanus
832 2153 845 2173 ,
875 2117 961 2184 qui
991 2118 1230 2171 ininsula
1275 2119 1580 2178 Cameronis
1606 2126 1744 2178 diem

462 2238 499 2259 ,,,
529 2202 724 2255 obierat
752 2244 765 2266 ,
813 2211 997 2276 quibus
1041 2212 1328 2280 conspectis
1372 2215 1555 2268 litteris
1585 2254 1600 2277 ,
1630 2235 1744 2269 ma-

460 2331 498 2354 „
527 2313 751 2363 gnopere
781 2299 891 2351 sum
918 2303 1152 2371 gauisu3‚
1185 2307 1235 2357 &
1264 2307 1383 2358 Deo
1409 2309 1489 2378 egi
1510 2310 1698 2380 gratias
1722 2350 1738 2373 ,

455 2420 496 2441 ‚,
526 2386 575 2435 ὅε
597 2400 706 2450 tum
742 2406 983 2459 magnam
1036 2396 1162 2463 caepi
1212 2399 1527 2468 voluptatem
1557 2439 1571 2460 ,
1617 2421 1740 2460 cum

457 2515 496 2536 „
526 2479 731 2544 pectora
754 2480 1030 2533 vestrorum
1053 2486 1363 2540 nunciorum
1397 2492 1634 2542 crucibus
1654 2493 1736 2543 in-

458 2610 498 2631 ‚,
530 2572 706 2641 {ignita
734 2575 1082 2646 conspicerem
1111 2616 1125 2638 ‚
1160 2581 1210 2631 δε
1235 2586 1491 2651 experirer
1515 2603 1735 2654 percun-

456 2696 499 2720 ᾖ,
524 2664 708 2718 <stando
731 2683 817 2718 eos
843 2703 859 2726 ,
887 2666 1014 2720 ritus
1045 2681 1213 2722 tenere
1241 2671 1356 2724 fidei
1386 2673 1690 2728 Christianae
1712 2709 1730 2734 ,

1605 2782 1693 2838 qu
