1931 3239
266 215 611 259 OLISH’ONIS
656 221 1066 265 DESCRIPTIO
1286 236 1361 295 39

193 322 327 377 Non
357 325 534 391 procul
560 343 773 394 praetera
799 335 861 384 ab
888 333 982 383 hac
1008 335 1186 395 d0m0,
1215 345 1387 393 conti-

107 430 208 484 guo
247 414 432 465 aedium
470 418 646 470 ordine
671 460 685 482 ,
725 423 934 476 sextum
983 445 1386 486 monumentum

103 525 249 577 opere
275 508 569 562 admirabili
594 513 794 569 factum
827 532 971 571 extat
994 560 1008 581 ,
1036 525 1203 591 praeda
1226 563 1241 585 ,
1270 526 1387 598 spo-

104 598 284 667 liisque
308 603 585 656 multarum
613 611 846 678 gentium
872 652 885 672 ,
931 632 1211 687 regumque
1230 621 1387 673 refer-

110 689 351 744 tissimum
382 733 397 755 ,
431 700 566 766 quod
593 703 654 752 ab
685 702 882 756 Indicis
910 711 1149 778 negotiis,
1179 732 1291 782 quae
1312 717 1387 771 ibi

98 787 476 849 pertra61antur
505 829 520 850 ‚
547 793 763 847 domum
795 797 1038 852 Indicam
1090 804 1273 875 vulgus
1290 825 1389 857 no·-

97 872 254 928 strum
293 882 536 950 appellat.
581 883 830 940 Attamen
870 909 988 943 meo
1042 896 1252 963 quidem
1305 898 1386 949 iu-

101 968 238 1022 dicio
262 1011 276 1032 ,
318 991 607 1029 aromatum
634 1019 649 1041 ,
700 986 1119 1055 margaritarum,
1166 991 1387 1042 carbun-

111 1065 387 1128 culorum‚
453 1071 866 1144 smaragdorum,
912 1082 1229 1154 aliarumque
1277 1086 1387 1136 eius

103 1160 301 1222 generis
336 1180 660 1229 gemmarum
689 1210 704 1230 ,
752 1193 863 1242 quae
895 1183 1169 1245 quotannis
1212 1183 1272 1232 ad
1293 1202 1385 1235 nos

104 1264 168 1297 ex
198 1247 344 1302 India
386 1255 754 1326 deportantur,
805 1271 1095 1337 emporium
1147 1275 1387 1343 copiosis-

100 1336 321 1403 fimum,
369 1359 483 1399 tum
523 1354 629 1404 auri
672 1373 875 1426 quoque
900 1361 950 1411 &
974 1366 1167 1432 argenti
1221 1367 1386 1431 faeti,

99 1431 381 1506 infectique
410 1442 650 1497 horreum
677 1451 1039 1519 amplissimum
1072 1458 1239 1508 verius
1293 1480 1386 1529 ap-

102 1526 290 1592 pellare
338 1537 527 1601 poteris
556 1575 571 1596 ,
616 1540 753 1606 quod
794 1543 946 1595 cellas
999 1547 1072 1598 ibi
1108 1553 1383 1619 quamplu-

100 1615 254 1669 rimas
281 1623 415 1674 miro
439 1627 655 1679 artificio
679 1669 692 1689 ,
720 1645 870 1702 atque
913 1638 1089 1689 ordine
1143 1640 1379 1693 distribu-

103 1717 178 1757 tas
202 1747 217 1768 ,
247 1715 475 1767 maxima
513 1722 751 1773 omnium
789 1727 971 1779 harum
1023 1749 1193 1782 rerum
1221 1736 1374 1803 copia

103 1804 394 1869 affluentes,
437 1816 500 1865 ab
541 1821 785 1872 omnibus
820 1826 1049 1894 conspici
1091 1830 1222 1896 posse
1276 1851 1368 1898 pa-

102 1893 207 1943 lam
232 1897 300 1946 est
329 1936 343 1957 ,
364 1914 418 1952 vt
451 1908 741 1971 mehercule
767 1914 920 1964 fidem
962 1935 1039 1967 res
1070 1918 1365 1987 superaffin-

102 1996 159 2028 ra
196 1983 254 2034 fit
282 2023 296 2044 ‚
349 1989 440 2039 nisi
483 1994 534 2042 id
560 1996 795 2050 omniurn
821 2004 984 2054 oculis
1029 2005 1228 2069 obiici,
1267 2028 1378 2061 ma-

105 2072 353 2146 nibusque
390 2082 442 2131 in
471 2083 618 2137 horas
645 2107 773 2157 pene
817 2099 1121 2149 contrectari
1171 2101 1372 2153 videre-

104 2185 240 2221 mus.
285 2172 506 2227 Proinde
543 2198 605 2231 ex
647 2186 784 2252 regia
810 2223 826 2244 ,
862 2207 1016 2256 quarn
1057 2190 1134 2239 ibi
1164 2192 1378 2261 desuper

107 2261 375 2321 Dominus
405 2271 715 2327 Emmanuel
736 2281 1101 2348 ampliffimam
1130 2322 1142 2342 ,
1166 2285 1216 2334 &
1242 2285 1379 2336 sum-

103 2361 463 2427 ptuofissimam
504 2368 593 2419 fibi
627 2370 905 2425 fabricatus
949 2391 1088 2436 erat,
1134 2380 1367 2446 porticus

102 2451 334 2507 latiffima
356 2496 371 2516 ,
413 2460 552 2512 velut
582 2464 841 2515 musculus
870 2504 885 2525 ,
930 2479 982 2516 vt
1009 2467 1375 2520 demonstravi-

102 2563 219 2598 mus
242 2549 260 2619 (
280 2569 308 2601 a
328 2570 427 2620 qua
449 2571 657 2624 campus
682 2558 743 2608 de
773 2577 875 2627 quo
904 2560 1056 2627 paulo
1087 2576 1202 2612 ante
1230 2582 1377 2613 men—

104 2632 298 2701 tionem
330 2647 547 2703 fecimus
574 2669 603 2703 a
623 2651 946 2705 meridionali
973 2655 1126 2707 latere
1149 2653 1373 2723 sepitur)

1287 2765 1341 2796 ln.
