1965 3256
572 240 673 294 ''1’18
991 254 1273 292 DAMIANI
1325 257 1364 292 A
1391 254 1539 293 eozs

570 359 753 412 mensis
777 396 790 418 ,
841 359 902 410 ad
939 363 1188 429 quendam
1228 361 1401 411 locum
1430 359 1688 429 aquationi
1715 359 1829 410 ido-¹

565 469 721 502 neum
759 451 953 518 appulit
980 489 992 511 ,
1022 452 1354 520 quadraginta
1395 450 1624 500 millibus
1663 450 1826 519 paffu-

564 557 653 592 um
706 543 970 594 distantem
1015 547 1076 594 ab
1128 544 1325 594 Adena.
1374 543 1576 594 Ibidem
1627 543 1827 594 ancoris

564 633 715 694 fixis,
758 634 1048 687 Soiimanus
1107 635 1245 687 Baffa
1293 637 1452 686 classis
1509 634 1779 703 praefeffihis
1810 671 1825 692 ,

560 729 732 779 literas
799 728 1130 796 Imperatoris
1170 728 1465 781 Turearum
1504 730 1563 779 de
1608 746 1729 798 pace
1769 727 1832 777 ad

559 819 760 890 Regem
806 819 1060 871 Aniensem
1135 821 1305 882 misit,
1352 835 1503 890 atque
1571 839 1634 871 ex
1679 836 1832 873 aureo

563 932 737 983 panno
766 914 974 964 talarem
1019 914 1203 965 vestem
1229 952 1242 973 ,
1278 913 1555 983 legatisque
1610 913 1662 962 in
1684 929 1833 962 man-

576 1006 706 1056 datis
746 1004 881 1054 dedit
913 1041 925 1061 ,
967 1004 1099 1073 Regi
1133 1018 1184 1054 vt
1210 1006 1435 1055 dicerent
1472 1003 1637 1071 ipsum
1688 1001 1834 1055 Tur-

569 1115 747 1150 carum
790 1095 1164 1163 Imperatorem
1201 1097 1401 1146 claffem
1447 1096 1589 1146 illam
1628 1095 1675 1144 ei
1700 1095 1836 1145 dono

568 1191 773 1240 mittere
808 1227 822 1248 ‚
875 1208 1028 1257 quam
1098 1190 1185 1240 suo
1249 1189 1467 1258 imperio
1518 1186 1837 1255 confiliisque

564 1280 835 1350 gubernari
879 1282 1110 1341 volebat,
1144 1282 1292 1351 seque
1342 1300 1401 1332 ea
1426 1282 1485 1331 de
1507 1281 1650 1332 causa
1691 1279 1837 1331 Indi-

568 1393 653 1426 am
682 1378 961 1445 petiturum
993 1416 1005 1436 ‚
1047 1390 1098 1426 vt
1128 1375 1393 1426 Lusitanos
1432 1373 1546 1424 inde
1596 1373 1837 1424 exclude-

567 1480 644 1515 ret
672 1503 686 1525 ‚
728 1467 962 1517 homines
1005 1464 1386 1515 R‘Iahometanae
1415 1462 1529 1513 fidei
1577 1462 1839 1515 infenfiffi-

567 1578 682 1610 mos
709 1598 722 1619 ,
763 1563 824 1612 ad
853 1579 1008 1628 quam
1053 1558 1438 1627 expeditionem
1465 1557 1512 1607 se
1539 1558 1669 1608 nihil
1696 1559 1838 1610 aliud

568 1653 631 1703 ab
677 1651 766 1702 illo
816 1650 1092 1722 postulare,
1137 1667 1290 1717 quam
1347 1665 1522 1699 carnes
1564 1649 1613 1698 δε
1654 1649 1832 1716 ligna3

567 1742 791 1812 quippe.
821 1740 1017 1792 caeteris
1063 1742 1210 1789 rebus
1256 1754 1405 1807 atque
1460 1739 1834 1790 commeatibus

566 1836 723 1886 claffis
772 1837 969 1887 abunde
1007 1834 1243 1886 instrue&
1293 1845 1418 1882 erat.
1463 1830 1592 1881 Haee
1656 1833 1839 1883 omnia.

568 1927 680 1981 Rex
711 1928 990 1980 Adenenfis
1015 1932 1323 1998 (quanquam
1354 1925 1508 1993 Regis
1533 1937 1660 1975 tunc
1686 1925 1841 1976 nostri

568 2024 1160 2089 Lusitaniae-tributarius
1183 2023 1325 2082 estet,
1347 2024 1429 2072 cui
1453 2019 1659 2089 singulis
1679 2018 1847 2080 annis,

586 2117 778 2167 foedere
805 2117 1029 2184 percuffo
1055 2115 1114 2164 ab
1143 2111 1370 2163 He&ore
1409 2130 1438 2161 a
1464 2108 1675 2160 Silueira
1699 2146 1712 2167 ‚
1750 2108 1842 2157 de-

576 2227 689 2260 cem
719 2207 883 2256 millia
901 2207 1204 2256 ducatorum
1225 2201 1540 2272 persoluebat
1568 2195 1584 2265 )
1628 2195 1839 2267 gratiffi-

574 2315 663 2348 mo
707 2296 880 2345 animo
907 2297 1104 2364 accepit
1127 2334 1139 2352 ‚
1197 2290 1478 2362 legatisque
1527 2287 1786 2357 respondit
1811 2321 1826 2341 ,

574 2389 682 2438 eius
710 2388 985 2436 aduentum
1007 2387 1092 2436 fibi
1122 2397 1447 2453 peroptatum
1473 2379 1566 2431 effe
1612 2416 1625 2435 ,
1645 2379 1726 2428 cui
1770 2377 1840 2426 li-

576 2481 694 2529 bere
712 2477 886 2526 omnia
912 2489 1025 2525 tum
1046 2477 1107 2525 ad
1140 2475 1358 2532 claffem‚
1390 2486 1500 2525 tum
1529 2472 1590 2521 ad
1615 2469 1837 2524 militem

579 2572 847 2624 neeeffaria
869 2570 1267 2637 postieitabatur.
1311 2568 1413 2618 His
1442 2566 1616 2634 spacio
1645 2563 1836 2633 septem

582 2663 782 2715 dierum
810 2661 1074 2714 transaffis
1104 2698 1118 2724 ,
1139 2659 1341 2711 ancoris
1361 2696 1375 2718 ‚
1404 2657 1528 2710 iussu
1557 2654 1808 2708 Solimani
1828 2690 1843 2713 ,

1762 2746 1844 2800 su-
