1965 3256
557 220 660 291 238
902 243 1190 285 DAMIANI
1223 250 1261 285 A
1294 249 1442 289 G0Es

519 343 611 394 bus
654 344 870 395 Veneris
904 385 917 406 ,
948 352 1128 416 quoin
1156 353 1236 404 die
1281 355 1598 413 CHRISTVS
1631 360 1812 420 IEsvs

512 436 788 487 crucifixus
832 440 880 490 &
921 456 1150 496 mortuus
1190 448 1256 500 est
1305 470 1398 519 pro
1444 460 1664 525 peccatis
1710 478 1807 510 no-

508 527 619 578 stris
650 567 664 586 ‚
693 531 740 580 &
769 531 821 582 in
848 533 926 583 his
955 537 1151 589 duobus
1172 541 1348 595 diebus
1376 563 1688 618 praecepturn
1728 553 1798 605 est

505 620 731 673 ieiunare
771 624 922 694 Vsque
977 631 1037 679 ad
1075 634 1312 687 occasum
1365 638 1517 691 Solis.
1561 643 1797 711 Qzadra-

501 709 647 777 ginta
674 730 790 764 vero
816 718 996 771 diebus
1020 725 1530 796 quadragesimalibus
1556 772 1570 793 ,
1622 754 1752 804 pane
1785 774 1800 794 ‚

498 802 550 852 &
575 822 705 873 aqua
731 808 1060 868 ieiunandum
1091 819 1443 878 iniunxerunt.
1489 827 1691 897 Septem
1717 833 1797 883 di-

495 896 544 946 ei
569 934 583 956 ,
614 917 672 948 ae
700 904 866 956 ηοᾶἰε
893 907 1032 960 horis
1061 914 1356 968 incumbere
1382 921 1530 971 rebus
1558 921 1790 978 Diuinis.

493 991 578 1045 Ex
611 996 675 1045 iis
702 999 882 1051 ediffls
910 1022 1113 1074 quoque
1140 1022 1372 1064 tenemur
1413 1017 1462 1066 &
1489 1015 1684 1069 sacrum
1710 1039 1796 1072 ce-

495 1086 688 1138 lebrare
715 1091 892 1143 diebus
921 1094 1202 1156 Mercurii,
1226 1121 1284 1153 ac
1313 1105 1530 1156 Veneris
1559 1120 1792 1179 tempore

487 1178 779 1248 vespertino
809 1224 823 1245 ‚
855 1192 1098 1256 quoniam
1149 1210 1272 1249 tunc
1316 1204 1570 1272 expirauit
1599 1206 1793 1259 Domi-

483 1271 658 1325 minus
702 1278 865 1331 noster
918 1284 1095 1337 IEsvs
1139 1289 1456 1347 CHR1STvs
1512 1298 1566 1349 in
1615 1299 1790 1351 sancio

493 1361 637 1433 ligno
683 1375 870 1426 crucis.
939 1377 1140 1431 Diebus
1197 1398 1366 1438 autern
1413 1389 1712 1443 Dominicis
1764 1428 1780 1450 ,

479 1475 669 1511 omnes
695 1469 1004 1521 vnanimiter
1046 1485 1098 1523 vt
1125 1493 1550 1546 congregaremur
1575 1483 1629 1534 in
1648 1482 1786 1534 sacra

474 1550 583 1598 aede
610 1551 733 1604 hora
760 1559 906 1608 tertia
950 1562 1050 1612 dici
1075 1565 1136 1614 ab
1162 1580 1274 1616 ortu
1323 1559 1453 1620 Solis
1480 1573 1542 1622 ad
1593 1573 1770 1644 legen-

472 1638 592 1690 dum
625 1680 638 1700 ,
667 1647 716 1694 ἂ
741 1650 1049 1702 audiendum
1078 1653 1446 1724 Prophetarum
1499 1663 1656 1711 libros
1684 1681 1777 1713 vo-

470 1729 676 1784 luerunt
706 1773 719 1794 ‚
750 1754 897 1808 atque
926 1742 1089 1811 postea
1117 1785 1131 1806 ‚
1183 1761 1236 1799 vt
1262 1748 1504 1802 Sancium
1533 1752 1772 1821 Euange-

463 1821 596 1875 lium
623 1833 962 1896 praedicemus
990 1877 1002 1896 ,
1036 1838 1232 1890 sacrum
1261 1863 1464 1912 quoque
1493 1845 1769 1896 faciamuS.

469 1913 717 1972 Praeterea
744 1942 934 1977 nouem
960 1929 1066 1980 dies
1094 1931 1243 1983 festos
1277 1934 1330 1984 in
1359 1934 1624 1987 CHRISTI
1653 1953 1765 1987 me-

473 2013 695 2065 moriam
736 2019 1064 2073 celebrandos
1116 2025 1487 2079 constituerunt
1517 2067 1530 2088 ‚
1575 2028 1770 2081 scilicet

459 2101 915 2174 Annunciationi5‚
945 2115 1250 2169 Natiuitatis
1275 2158 1288 2179 ,
1319 2120 1767 2184 Circumcislonis,

454 2199 843 2260 Purificationis
874 2248 887 2269 ,
917 2212 1015 2263 siue
1045 2213 1393 2268 Candelarum
1423 2257 1436 2278 ‚
1464 2219 1710 2289 Baptismi
1743 2256 1760 2280 ,

451 2291 950 2366 Transfigurationis
995 2343 1008 2364 ,
1058 2306 1356 2360 Dominicae
1409 2312 1702 2364 Palmarum
1730 2352 1744 2374 ‚

449 2383 605 2451 vsque
632 2387 691 2435 ad
721 2389 958 2440 oCtauam
990 2393 1205 2448 Veneris
1247 2400 1418 2452 Sancffi
1445 2406 1463 2475 (
1508 2419 1562 2456 vt
1602 2423 1756 2456 voca-

452 2493 569 2524 mus
597 2474 614 2540 )
642 2481 728 2546 qui
776 2485 884 2537 dies
936 2491 1208 2544 duodecim
1253 2495 1386 2546 sunt.
1429 2494 1752 2549 Ascenfionis

446 2590 650 2642 quoque
679 2614 694 2635 ‚
722 2590 871 2649 atque
916 2579 1235 2635 Pentecostes
1284 2603 1404 2638 cum
1445 2586 1546 2638 suis
1594 2586 1750 2637 etiam

443 2661 606 2721 feriis,

1622 2764 1712 2827 Er
