1931 3239
311 240 546 288 DIENSIS
593 237 777 277 VRBIS
805 236 1209 276 OPPVGNATIO
1303 244 1403 299 135

164 350 280 409 ‘Rex
305 351 494 421 legatos
522 346 584 397 ad
610 344 815 396 Ducem
846 342 1242 394 Emmanuelem
1271 363 1300 394 a
1325 346 1439 398 Bri-

169 463 221 499 to
251 443 409 497 mittit
437 478 451 502 ,
495 457 584 509 per
612 456 738 507 quos
774 455 951 508 pacem
982 475 996 496 ,
1029 455 1182 505 quam
1203 436 1442 507 frequen-

165 549 239 586 ter
269 545 416 584 antea
439 531 716 581 violauerat
741 567 754 589 ‚
798 532 925 600 petit
956 566 969 588 ,
999 544 1214 595 eamque
1255 527 1302 578 se
1330 528 1444 578 san-

164 625 378 676 &iffime
404 624 644 690 deinceps
677 622 939 672 culturum
964 620 1225 690 promittit
1248 659 1259 678 ‚
1288 639 1443 688 quam

164 716 490 784 impetratam
515 731 606 783 per
630 730 810 764 omnes
846 712 943 764 suae
972 713 1185 763 ditionis
1208 714 1445 764 ciuitates

166 808 479 878 promulgari
501 808 660 859 iubet.
706 806 842 873 Qae
875 823 952 856 res
997 806 1238 856 omnibus
1266 804 1447 856 nostris

166 903 216 954 &
256 914 395 971 grata
413 902 463 951 &
483 899 714 970 perutilis
742 900 839 951 fuit
865 938 878 959 ,
907 898 1190 968 praesertim
1219 912 1451 969 ternpore

168 1008 273 1045 tam
321 995 509 1053 dubio,
545 995 598 1044 in
626 1012 729 1063 quo
768 995 831 1044 ab
859 993 968 1063 ipso
1000 1031 1014 1052 ,
1053 1007 1106 1044 vt
1133 1013 1160 1044 a
1181 995 1355 1044 uicino
1400 997 1452 1047 δε

171 1100 379 1156 potente
416 1086 552 1137 hoste
601 1087 772 1154 potius
823 1098 968 1136 erant
1011 1086 1329 1154 expectanda
1367 1085 1451 1134 in-

176 1181 448 1232 commoda
477 1217 491 1238 ,
532 1197 688 1247 quam
737 1180 1106 1231 emolumenta.
1154 1179 1239 1230 Est
1276 1178 1450 1232 aute'm

175 1270 265 1321 iste
309 1284 488 1341 potens
533 1268 790 1321 Calecutii
817 1270 932 1320 Rex
959 1269 1104 1320 nobis
1134 1270 1354 1340 persaepe
1372 1274 1455 1324 in·

178 1366 330 1417 festus
358 1405 372 1427 ,
413 1386 523 1418 raro
559 1379 709 1434 atque
761 1367 978 1416 tenuiter
1019 1367 1212 1416 amicus
1240 1405 1253 1427 ,
1302 1369 1455 1438 idque

179 1459 305 1508 adeo
332 1472 538 1528 propter
562 1457 833 1509 infractam
863 1458 1147 1509 amicitiam
1176 1458 1307 1509 inter
1334 1479 1455 1522 nos,

179 1556 229 1605 δε
251 1554 446 1623 Regem
476 1551 725 1612 Cochini‚
768 1553 918 1622 ipsius
945 1557 1216 1624 antiquum
1261 1558 1455 1612 hostem

176 1666 208 1699 a
233 1648 413 1719 primis
439 1649 586 1699 annis
610 1687 623 1708 ‚
668 1667 729 1700 ex
753 1668 854 1719 quo
883 1650 1032 1701 nostri
1065 1650 1270 1704 Indiam
1314 1655 1457 1709 ince-

178 1757 362 1810 petunt
410 1739 729 1811 frequentare
753 1782 766 1803 ,
807 1746 1008 1796 initam.
1056 1745 1140 1797 Est
1179 1749 1320 1798 enim
1346 1746 1457 1799 Co·-

182 1836 393 1886 chinum
417 1836 663 1903 oppidum
684 1874 698 1896 ,
735 1840 865 1892 vnde
906 1852 1075 1891 totum
1121 1859 1334 1910 regnum
1363 1859 1460 1892 no-

183 1942 304 1977 men
329 1923 465 1989 capit
488 1958 502 1980 ,
530 1924 583 1973 in
611 1941 713 1990 quo
741 1925 984 1996 Proteges
1003 1964 1017 1986 ‚
1038 1927 1311 1978 Lufitaniae
1355 1922 1462 1974 Re-

186 2015 269 2086 gis
300 2050 315 2072 ,
354 2012 722 2063 diuturniorem
766 2014 932 2067 sedem
982 2017 1215 2077 habent,
1258 2019 1464 2069 &inibi

187 2121 368 2158 omnes
411 2121 565 2153 naues
595 2105 650 2154 in
696 2104 1041 2167 Lusitaniam,
1088 2109 1188 2160 siue
1236 2110 1290 2160 in
1335 2110 1459 2164 alias

188 2193 482 2265 prouincias
543 2194 917 2262 proficiscentes
977 2197 1309 2251 instruuntur.
1352 2201 1462 2255 Hic

190 2286 347 2355 igitur
377 2284 489 2335 Rex
517 2280 742 2335 Cochini
780 2323 794 2345 ,
829 2304 948 2353 91111
999 2288 1226 2357 primum
1269 2290 1464 2342 aduen-

191 2391 306 2427 tum
326 2376 619 2429 Turcarum
651 2375 704 2427 in
735 2376 939 2429 Indiam
960 2380 1217 2432 intellexit
1241 2419 1256 2442 ,
1285 2400 1466 2435 omnes

192 2465 270 2518 sui
326 2468 468 2536 regni
529 2467 725 2519 nobiles
755 2507 769 2529 ,
817 2489 946 2539 quos
989 2469 1208 2524 Naiares
1241 2489 1463 2537 vocant,

193 2560 324 2611 adse
375 2560 599 2614 accersiri
641 2563 799 2616 iubet.
841 2565 1049 2634 Quibus
1100 2574 1419 2639 congregatis
1449 2603 1465 2626 ,

193 2671 374 2712 omnes
426 2658 482 2711 in
502 2675 659 2713 vnum
700 2677 882 2712 eorum
925 2659 1163 2716 sacratius
1213 2661 1471 2729 templum

753 2747 801 2806 L
1296 2749 1433 2819 quod
