1931 3239
308 205 383 242 DE
412 198 602 238 BELLO
629 197 962 234 CAMBAICO
994 199 1119 238 SEC.
1270 201 1369 258 355

77 310 335 380 sauciique
368 304 603 357 nonnulli
635 341 650 362 ,
697 302 1138 372 interfugiendum
1168 306 1368 359 claffico

77 404 178 455 suis
218 402 414 469 fignum
461 395 662 445 dedere.
707 393 831 462 Qo
866 395 1044 446 audito
1076 435 1090 456 ,
1141 401 1371 467 protinus

76 513 141 550 ex
166 489 334 542 castris
356 527 371 548 ‚
402 489 451 539 &
477 505 541 537 ex
564 487 755 556 oppido
789 500 927 538 totus
969 489 1223 539 exercitus
1245 508 1370 540 con-

76 585 250 635 currit.
295 583 374 635 Ac
402 586 619 653 quanuis
641 583 815 652 pluuia
838 623 850 643 ,
874 586 922 636 &
945 585 1198 635 imbribus
1236 584 1374 635 subi-

74 690 128 728 to
182 678 537 748 ingruentibus
568 716 582 737 ,
638 677 1056 745 impedirentur:
1103 677 1254 729 hastis
1297 692 1375 728 ta-

75 785 219 828 men,
247 768 431 837 gladiis
452 806 465 828 ,
489 766 781 838 sagittisque
831 765 1138 817 dimicatum
1165 767 1232 818 est
1257 786 1378 839 pro-

76 859 363 927 pemodum
403 859 466 908 ad
515 856 776 926 vesperam
808 895 822 916 ,
867 875 968 926 quo
1010 869 1241 925 tempore
1282 877 1378 926 qu-

75 973 165 1005 um
211 953 258 1004 se
285 952 451 1003 nimbi
496 951 791 1002 remisissent
820 987 832 1008 ‚
872 951 933 999 ad
982 950 1287 1002 bombardas
1328 953 1380 1003 δε

78 1045 282 1114 igneam
335 1044 605 1094 materiam
666 1044 798 1093 itum
850 1042 936 1092 est.
984 1040 1065 1092 Sic
1108 1044 1378 1112 vtrobique

79 1133 219 1185 clade
264 1134 467 1205 copiose
518 1136 658 1186 illata
701 1135 751 1185 &
801 1146 1009 1201 accepta
1038 1170 1053 1191 ‚
1102 1127 1262 1201 quum
1302 1135 1379 1187 se-

80 1241 222 1296 ptem
267 1230 428 1282 ferme
480 1231 617 1281 horis
669 1244 953 1299 pugnatum
1014 1228 1166 1286 esset,
1225 1229 1377 1283 nostri

79 1322 288 1373 tandem
325 1323 502 1374 locum
528 1335 846 1392 recuperant.
892 1321 988 1372 Per
1013 1321 1061 1371 id
1091 1323 1338 1389 temporis
1358 1363 1373 1384 ,

82 1415 193 1467 duae
246 1418 442 1469 celoces
491 1419 841 1489 appulerunt,
906 1415 1121 1466 ducibus
1178 1414 1376 1465 Ioanne

83 1509 331 1563 Athaidio
360 1551 374 1571 ‚
431 1513 481 1564 ὅ(
512 1511 783 1564 Francisco
824 1508 1148 1561 GuillermO.
1194 1506 1380 1558 Hostes

83 1620 232 1670 porro
265 1604 373 1674 post
398 1606 528 1656 hanc
555 1604 809 1674 repulsam
833 1640 846 1661 ,
877 1602 996 1672 igne
1024 1601 1265 1668 deinceps
1293 1615 1382 1667 per

85 1693 249 1749 sulcos
297 1699 619 1751 cuniculares
661 1697 885 1751 immisso
916 1732 930 1756 ,
983 1713 1193 1748 murum
1224 1733 1240 1755 ,
1295 1693 1383 1763 qui

84 1792 210 1841 turri
240 1791 455 1844 Antonii
485 1794 741 1845 Pezannae
775 1793 1054 1861 contiguus
1082 1802 1187 1839 erat
1219 1828 1232 1848 ,
1261 1787 1384 1837 fun-

85 1882 220 1934 ditus
274 1899 527 1937 euertunt.
576 1885 779 1938 Contra
830 1886 1194 1954 Mascaregnas
1237 1883 1385 1933 omni

88 1993 185 2044 ope
227 1978 447 2030 resistens
477 2018 490 2040 ,
518 1981 573 2030 in
613 1981 774 2032 hostes
808 1979 991 2031 cameli
1033 1977 1196 2028 iacula
1220 1976 1384 2026 effun—

89 2072 184 2132 dit,
213 2074 531 2146 alterumque
557 2076 721 2128 statim
749 2076 1034 2127 firmiorem
1066 2089 1274 2123 murum
1303 2071 1385 2121 in-

91 2163 336 2217 trinsecus
376 2169 623 2219 excitauit
655 2208 667 2230 ,
708 2169 864 2219 etiam
904 2165 1008 2237 ipse
1036 2163 1261 2215 humeris
1311 2164 1387 2213 la·

88 2256 235 2325 pides
296 2263 667 2332 materiamque
714 2274 1064 2332 comportans.
1112 2258 1174 2310 Id
1223 2254 1386 2306 hostes

91 2347 556 2405 animaduertentes
585 2393 599 2414 ,
648 2373 675 2405 e
725 2355 933 2424 regione
981 2355 1031 2404 &
1080 2350 1172 2421 ipfi
1223 2350 1385 2401 alium

91 2454 334 2495 extruunt
370 2485 384 2506 ‚
424 2466 526 2517 quo
553 2447 731 2499 nostris
770 2450 830 2498 ad
877 2446 925 2497 se
959 2445 1209 2497 acceffum
1248 2442 1386 2493 inhi-

91 2533 298 2589 bebant.
359 2539 479 2593 Hoc
544 2543 625 2593 die
690 2541 971 2594 Rodericus
1032 2536 1386 2591 Ferdinandus

94 2627 412 2687 Chaulienfis
455 2635 728 2707 municipii
760 2634 975 2705 quaestor
1003 2673 1023 2699 ,
1047 2649 1168 2684 cum
1195 2626 1380 2697 viginti

1243 2737 1345 2770 mi-
