1965 3256
593 211 695 266 192
938 207 1223 245 DAMIANI
1283 207 1324 242 A
1382 207 1530 243 GOES

555 355 591 377 ‚,
620 316 836 367 videtur.
883 314 974 365 Sed
1000 315 1108 365 haec
1134 311 1447 364 transeamus
1476 350 1490 373 ,
1536 314 1586 365 &
1612 331 1822 384 agamus

549 451 585 473 ‚,
613 412 744 461 inter
773 428 866 460 nos
898 448 911 469 ,
942 411 1204 478 quomodo
1240 408 1472 461 invadere
1495 447 1509 468 ,
1549 412 1599 462 &
1646 429 1824 480 capere

555 543 594 564 ‚,
618 505 858 573 poffimus
929 504 1051 554 alias
1114 503 1403 554 infidelium
1463 514 1642 555 terras.
1712 506 1825 577 Ego

551 635 587 657 „
617 611 751 647 certe
797 597 926 646 dabo
991 598 1181 649 millies
1223 609 1437 646 centena
1487 596 1653 648 millia
1712 597 1827 648 dra-

554 728 591 749 „
620 688 887 740 chmarum
927 686 1035 738 auri
1065 726 1078 747 ,
1124 689 1173 738 δε
1197 687 1411 738 totidem
1437 687 1604 738 millia
1635 690 1829 741 milita-

556 816 591 837 „
619 779 755 830 rium
791 779 1038 829 virorum.
1088 777 1327 847 Itemque
1355 780 1623 830 materiam
1657 782 1707 831 &
1726 779 1830 831 fer—

553 910 589 932 ‚,
619 891 732 924 rum
762 910 776 932 ‚
812 874 860 922 &
882 890 1129 942 cuprum,
1148 873 1200 922 in
1226 871 1367 922 vsum
1397 872 1708 924 aedificandae
1739 910 1753 932 ,
1780 875 1829 926 &

552 1005 589 1027 „
618 966 856 1016 ornandae
876 965 1032 1015 claffis
1053 1003 1066 1024 ,
1103 982 1345 1033 magnam
1371 966 1529 1016 etiam
1568 984 1832 1018 commea-

556 1101 593 1123 „
620 1076 701 1112 tus
721 1060 927 1127 copiam
946 1096 960 1117 ,
1011 1060 1177 1109 amice
1217 1077 1315 1109 vna
1342 1061 1710 1112 conueniemus
1741 1098 1755 1119 ‚
1783 1070 1831 1112 ὁὶ

560 1190 596 1212 ,,
626 1149 869 1220 quoniam
892 1167 996 1199 non
1028 1148 1096 1199 est
1132 1148 1514 1199 consuetudinis
1534 1187 1548 1209 ,
1584 1150 1634 1201 &
1662 1150 1832 1219 digni-

556 1282 594 1304 „
622 1241 740 1293 tatis
784 1258 911 1290 meae
968 1240 1031 1290 ad
1076 1239 1349 1310 petendam
1398 1257 1579 1309 pacem
1631 1242 1828 1310 legatos

554 1376 593 1398 ‚‚
620 1337 822 1389 mittere
853 1375 865 1395 ‚
899 1338 948 1388 &
976 1355 1031 1389 tu
1086 1338 1283 1405 primus
1320 1354 1351 1386 a
1376 1354 1461 1387 me
1486 1355 1600 1400 eam
1646 1336 1835 1388 sincere

549 1470 587 1492 ‚,
616 1431 881 1500 quaesiuisti
906 1470 919 1491 ‚
951 1431 1014 1481 ad
1042 1430 1347 1482 verificanda
1399 1427 1589 1481 Christi
1619 1433 1773 1482 verba
1808 1454 1825 1497 3

560 1564 596 1587 ‚‚
624 1543 743 1576 uam
773 1524 1021 1594 scriptum
1072 1522 1171 1575 est:
1218 1522 1367 1573 Beati
1406 1524 1546 1591 pedes
1575 1561 1589 1582 ‚
1617 1523 1700 1590 qui
1715 1535 1835 1592 por-

559 1661 597 1681 ,‚
623 1634 730 1673 tant
761 1635 940 1690 pacem,
996 1619 1063 1670 Et
1112 1637 1207 1687 ego
1234 1629 1500 1686 propterea
1545 1617 1655 1668 sum
1695 1619 1835 1671 adid

559 1750 597 1771 „
626 1726 825 1781 paratus
888 1730 1031 1762 more
1076 1709 1441 1779 Apostolorum
1472 1747 1487 1768 ,
1552 1709 1642 1777 qui
1691 1719 1835 1760 erant

568 1843 604 1865 ‚,
634 1805 900 1855 vnanirnes
930 1842 943 1864 ,
988 1805 1037 1854 &
1063 1802 1212 1853 Vnius
1227 1802 1415 1854 cordiS.
1460 1799 1513 1852 O
1541 1799 1657 1852 Rex
1676 1801 1725 1852 &
1745 1819 1835 1870 pa-

561 1938 598 1960 „
627 1915 702 1950 ter
758 1900 830 1949 mi
883 1898 1192 1949 Emmanuel
1221 1935 1234 1956 ,
1286 1915 1413 1947 vnus
1466 1895 1612 1946 Deus
1651 1906 1701 1946 te
1734 1894 1834 1946 sos-

563 2035 600 2056 „
628 1996 790 2064 pitem
826 1994 947 2046 velit
969 2031 983 2054 ,
1021 1995 1072 2045 &
1094 1992 1256 2044 seruet
1277 2030 1292 2052 ,
1320 1991 1411 2061 qui
1435 1982 1524 2041 *est
1551 1990 1696 2042 Deus
1721 2008 1832 2042 coe-

565 2126 601 2147 „
629 2090 665 2139 li
692 2128 704 2148 ‚
731 2092 782 2141 ὃῑ
808 2089 1006 2158 semper
1034 2090 1185 2140 vnius
1212 2087 1494 2140 substantiae
1524 2124 1539 2146 ,
1567 2104 1661 2137 nec
1687 2087 1835 2137 iuue-

570 2217 607 2238 ‚,
637 2180 830 2238 nescit,
860 2198 949 2230 nec
990 2178 1220 2230 senescit.
1270 2177 1324 2228 Is
1351 2177 1440 2246 qui
1464 2188 1560 2227 ate
1586 2176 1840 2227 nuncium

569 2308 605 2330 „
635 2272 840 2330 attulit,
895 2271 1180 2322 Rodericus
1216 2271 1372 2322 Lima
1419 2269 1694 2320 vocabatur
1717 2304 1731 2326 ,
1762 2265 1839 2314 le-

572 2400 608 2420 „
636 2362 857 2430 gationis
905 2364 1222 2430 optimorum
1286 2363 1516 2414 virorum
1564 2359 1800 2431 princeps
1819 2392 1836 2415 ,

567 2490 605 2513 2,
632 2458 681 2507 &
725 2476 845 2508 cum
907 2477 967 2509 eo
1021 2456 1319 2510 Franciscus
1383 2457 1637 2518 Aluares,
1681 2469 1836 2526 quem

569 2591 607 2612 ‚,
633 2569 837 2625 propter
875 2555 991 2607 vitae
1029 2556 1340 2622 probitatem
1366 2593 1380 2614 ,
1439 2558 1490 2607 δε
1535 2553 1835 2624 singularem

570 2682 607 2708 ‚,
635 2647 935 2718 religionem
957 2684 973 2709 ‚
994 2645 1305 2703 &iustitiam
1327 2646 1470 2699 valde
1493 2644 1834 2698 chariffimum

1706 2736 1798 2786 ha·
