<?xml version="1.0" encoding="UTF-8"?>
<!DOCTYPE html PUBLIC "-//W3C//DTD XHTML 1.0 Transitional//EN"
    "http://www.w3.org/TR/xhtml1/DTD/xhtml1-transitional.dtd">
<html xmlns="http://www.w3.org/1999/xhtml" xml:lang="en" lang="en">
 <head>
  <title>
</title>
<meta http-equiv="Content-Type" content="text/html;charset=utf-8" />
  <meta name='ocr-system' content='tesseract 3.04.00' />
  <meta name='ocr-capabilities' content='ocr_page ocr_carea ocr_par ocr_line ocrx_word'/>
</head>
<body>
  <div class='ocr_page' id='page_1' title='image "./damianigoesopusc00gi_0217.png"; bbox 0 0 1931 3239; ppageno 0'>
   <div class='ocr_carea' id='block_1_1' title="bbox 168 221 1404 291">
    <p class='ocr_par' dir='ltr' id='par_1_1' title="bbox 168 221 1404 291">
     <span class='ocr_line' id='line_1_1' title="bbox 168 221 1404 291; baseline 0 -18"><span class='ocrx_word' id='word_1_1' title='bbox 168 235 348 273; x_wconf 63' lang='lat' dir='ltr'>Frons</span> <span class='ocrx_word' id='word_1_2' title='bbox 377 227 627 269; x_wconf 68' lang='lat' dir='ltr'>numm</span> <span class='ocrx_word' id='word_1_3' title='bbox 657 225 934 275; x_wconf 78' lang='lat' dir='ltr'>MORESQ</span> <span class='ocrx_word' id='word_1_4' title='bbox 958 227 1257 270; x_wconf 77' lang='lat' dir='ltr'>AETHIOP.</span> <span class='ocrx_word' id='word_1_5' title='bbox 1302 221 1404 291; x_wconf 82' lang='lat'>183</span> 
     </span>
    </p>
   </div>
   <div class='ocr_carea' id='block_1_2' title="bbox 95 334 1457 2153">
    <p class='ocr_par' dir='ltr' id='par_1_2' title="bbox 95 334 1457 2153">
     <span class='ocr_line' id='line_1_2' title="bbox 151 334 1440 405; baseline -0.004 -12"><span class='ocrx_word' id='word_1_6' title='bbox 151 340 403 393; x_wconf 85' lang='lat' dir='ltr'>soluentes</span> <span class='ocrx_word' id='word_1_7' title='bbox 437 334 646 386; x_wconf 88' lang='lat' dir='ltr'><strong>Indiam</strong></span> <span class='ocrx_word' id='word_1_8' title='bbox 688 344 868 402; x_wconf 78' lang='lat' dir='ltr'>petunt</span> <span class='ocrx_word' id='word_1_9' title='bbox 891 368 907 390; x_wconf 86' lang='lat'><em>,</em></span> <span class='ocrx_word' id='word_1_10' title='bbox 947 348 1005 381; x_wconf 86' lang='lat' dir='ltr'>ac</span> <span class='ocrx_word' id='word_1_11' title='bbox 1035 334 1241 384; x_wconf 86' lang='lat' dir='ltr'>tandem</span> <span class='ocrx_word' id='word_1_12' title='bbox 1269 335 1440 405; x_wconf 73' lang='lat' dir='ltr'>longis</span> 
     </span>
     <span class='ocr_line' id='line_1_3' title="bbox 153 427 1444 502; baseline -0.007 -12"><span class='ocrx_word' id='word_1_13' title='bbox 153 429 575 502; x_wconf 76' lang='lat' dir='ltr'>nauigationibus</span> <span class='ocrx_word' id='word_1_14' title='bbox 598 468 614 491; x_wconf 85' lang='lat'><em>,</em></span> <span class='ocrx_word' id='word_1_15' title='bbox 656 427 979 498; x_wconf 80' lang='lat' dir='ltr'>Olislponem</span> <span class='ocrx_word' id='word_1_16' title='bbox 1016 428 1078 478; x_wconf 86' lang='lat' dir='ltr'>ad</span> <span class='ocrx_word' id='word_1_17' title='bbox 1100 429 1298 500; x_wconf 81' lang='lat' dir='ltr'>Regem</span> <span class='ocrx_word' id='word_1_18' title='bbox 1351 430 1444 481; x_wconf 93' lang='lat' dir='ltr'>Io-</span> 
     </span>
     <span class='ocr_line' id='line_1_4' title="bbox 143 521 1450 594; baseline -0.001 -17"><span class='ocrx_word' id='word_1_19' title='bbox 143 541 330 583; x_wconf 84' lang='lat' dir='ltr'>annem</span> <span class='ocrx_word' id='word_1_20' title='bbox 354 561 369 584; x_wconf 90' lang='lat'><em>,</em></span> <span class='ocrx_word' id='word_1_21' title='bbox 421 541 558 575; x_wconf 88' lang='lat' dir='ltr'>anno</span> <span class='ocrx_word' id='word_1_22' title='bbox 629 521 902 572; x_wconf 86' lang='lat' dir='ltr'>millefimo</span> <span class='ocrx_word' id='word_1_23' title='bbox 925 560 940 582; x_wconf 92' lang='lat'><em>‚</em></span> <span class='ocrx_word' id='word_1_24' title='bbox 996 523 1407 594; x_wconf 63' lang='lat' dir='ltr'>quingentesimo</span> <span class='ocrx_word' id='word_1_25' title='bbox 1435 564 1450 586; x_wconf 86' lang='lat'><em>,</em></span> 
     </span>
     <span class='ocr_line' id='line_1_5' title="bbox 157 599 1441 690; baseline -0.001 -22"><span class='ocrx_word' id='word_1_26' title='bbox 157 599 405 690; x_wconf 84' lang='lat' dir='ltr'>vigefimo</span> <span class='ocrx_word' id='word_1_27' title='bbox 455 612 674 683; x_wconf 82' lang='lat' dir='ltr'>septimo</span> <span class='ocrx_word' id='word_1_28' title='bbox 703 650 718 673; x_wconf 86' lang='lat'>‚</span> <span class='ocrx_word' id='word_1_29' title='bbox 779 611 951 664; x_wconf 90' lang='lat' dir='ltr'>mense</span> <span class='ocrx_word' id='word_1_30' title='bbox 992 613 1132 664; x_wconf 80' lang='lat' dir='ltr'>Iulio</span> <span class='ocrx_word' id='word_1_31' title='bbox 1176 616 1388 667; x_wconf 87' lang='lat' dir='ltr'>redeunt</span> <span class='ocrx_word' id='word_1_32' title='bbox 1425 656 1441 678; x_wconf 89' lang='lat'><em>,</em></span> 
     </span>
     <span class='ocr_line' id='line_1_6' title="bbox 149 703 1448 778; baseline -0.003 -18"><span class='ocrx_word' id='word_1_33' title='bbox 149 709 240 778; x_wconf 89' lang='lat' dir='ltr'>qui</span> <span class='ocrx_word' id='word_1_34' title='bbox 280 705 563 760; x_wconf 87' lang='lat' dir='ltr'>Oratorem</span> <span class='ocrx_word' id='word_1_35' title='bbox 612 703 986 774; x_wconf 87' lang='lat' dir='ltr'>Aethiopicum</span> <span class='ocrx_word' id='word_1_36' title='bbox 1034 707 1099 756; x_wconf 93' lang='lat' dir='ltr'>ob</span> <span class='ocrx_word' id='word_1_37' title='bbox 1125 718 1284 757; x_wconf 87' lang='lat' dir='ltr'>certas</span> <span class='ocrx_word' id='word_1_38' title='bbox 1338 709 1448 760; x_wconf 85' lang='lat' dir='ltr'>eius</span> 
     </span>
     <span class='ocr_line' id='line_1_7' title="bbox 145 798 1447 874; baseline 0 -19"><span class='ocrx_word' id='word_1_39' title='bbox 145 801 420 874; x_wconf 86' lang='lat' dir='ltr'>legationis</span> <span class='ocrx_word' id='word_1_40' title='bbox 443 798 615 851; x_wconf 81' lang='lat' dir='ltr'>causas</span> <span class='ocrx_word' id='word_1_41' title='bbox 638 837 651 858; x_wconf 87' lang='lat'><em>,</em></span> <span class='ocrx_word' id='word_1_42' title='bbox 699 800 831 870; x_wconf 84' lang='lat' dir='ltr'>apud</span> <span class='ocrx_word' id='word_1_43' title='bbox 862 798 909 849; x_wconf 95' lang='lat' dir='ltr'>se</span> <span class='ocrx_word' id='word_1_44' title='bbox 936 800 998 851; x_wconf 93' lang='lat' dir='ltr'>ad</span> <span class='ocrx_word' id='word_1_45' title='bbox 1038 818 1231 852; x_wconf 88' lang='lat' dir='ltr'>annum</span> <span class='ocrx_word' id='word_1_46' title='bbox 1264 804 1447 855; x_wconf 87' lang='lat' dir='ltr'>mille-</span> 
     </span>
     <span class='ocr_line' id='line_1_8' title="bbox 162 890 1430 961; baseline 0.001 -15"><span class='ocrx_word' id='word_1_47' title='bbox 162 894 351 946; x_wconf 83' lang='lat' dir='ltr'>fimum</span> <span class='ocrx_word' id='word_1_48' title='bbox 376 930 390 952; x_wconf 91' lang='lat'><strong>,</strong></span> <span class='ocrx_word' id='word_1_49' title='bbox 419 890 886 960; x_wconf 86' lang='lat' dir='ltr'>quingentefimum</span> <span class='ocrx_word' id='word_1_50' title='bbox 915 931 930 951; x_wconf 91' lang='lat'><em>‚</em></span> <span class='ocrx_word' id='word_1_51' title='bbox 959 892 1280 961; x_wconf 84' lang='lat' dir='ltr'>trigefimum</span> <span class='ocrx_word' id='word_1_52' title='bbox 1334 914 1430 946; x_wconf 90' lang='lat' dir='ltr'>no-</span> 
     </span>
     <span class='ocr_line' id='line_1_9' title="bbox 155 983 1457 1057; baseline 0.002 -19"><span class='ocrx_word' id='word_1_53' title='bbox 155 1005 285 1039; x_wconf 85' lang='lat' dir='ltr'>num</span> <span class='ocrx_word' id='word_1_54' title='bbox 310 984 464 1054; x_wconf 89' lang='lat' dir='ltr'>vsque</span> <span class='ocrx_word' id='word_1_55' title='bbox 491 985 703 1035; x_wconf 80' lang='lat' dir='ltr'>retinuit</span> <span class='ocrx_word' id='word_1_56' title='bbox 732 1022 746 1044; x_wconf 90' lang='lat'>‚</span> <span class='ocrx_word' id='word_1_57' title='bbox 781 983 1216 1057; x_wconf 85' lang='lat' dir='ltr'>Franciscumque</span> <span class='ocrx_word' id='word_1_58' title='bbox 1291 988 1457 1041; x_wconf 79' lang='lat' dir='ltr'>Alua-</span> 
     </span>
     <span class='ocr_line' id='line_1_10' title="bbox 149 1075 1452 1134; baseline 0.003 -5"><span class='ocrx_word' id='word_1_59' title='bbox 149 1097 229 1130; x_wconf 83' lang='lat' dir='ltr'>res</span> <span class='ocrx_word' id='word_1_60' title='bbox 276 1079 336 1129; x_wconf 87' lang='lat' dir='ltr'>ad</span> <span class='ocrx_word' id='word_1_61' title='bbox 384 1075 714 1127; x_wconf 79' lang='lat' dir='ltr'><strong>Clementem</strong></span> <span class='ocrx_word' id='word_1_62' title='bbox 790 1077 1098 1130; x_wconf 86' lang='lat' dir='ltr'>Pontificem</span> <span class='ocrx_word' id='word_1_63' title='bbox 1147 1097 1266 1132; x_wconf 86' lang='lat' dir='ltr'>v11.</span> <span class='ocrx_word' id='word_1_64' title='bbox 1330 1101 1452 1134; x_wconf 86' lang='lat' dir='ltr'>cum</span> 
     </span>
     <span class='ocr_line' id='line_1_11' title="bbox 152 1174 1440 1235; baseline 0.001 -8"><span class='ocrx_word' id='word_1_65' title='bbox 152 1178 335 1228; x_wconf 72' lang='lat' dir='ltr'>litteris</span> <span class='ocrx_word' id='word_1_66' title='bbox 376 1174 592 1226; x_wconf 79' lang='lat' dir='ltr'>Preciosl</span> <span class='ocrx_word' id='word_1_67' title='bbox 621 1175 832 1226; x_wconf 78' lang='lat' dir='ltr'>Ioannis</span> <span class='ocrx_word' id='word_1_68' title='bbox 862 1215 876 1235; x_wconf 86' lang='lat'><strong>,</strong></span> <span class='ocrx_word' id='word_1_69' title='bbox 928 1179 1076 1228; x_wconf 84' lang='lat' dir='ltr'>cuius</span> <span class='ocrx_word' id='word_1_70' title='bbox 1122 1177 1315 1231; x_wconf 79' lang='lat' dir='ltr'>Orator</span> <span class='ocrx_word' id='word_1_71' title='bbox 1375 1195 1440 1229; x_wconf 76' lang='lat' dir='ltr'>ex</span> 
     </span>
     <span class='ocr_line' id='line_1_12' title="bbox 158 1271 1432 1346; baseline 0.002 -23"><span class='ocrx_word' id='word_1_72' title='bbox 158 1271 478 1340; x_wconf 78' lang='lat' dir='ltr'>Aethiopica</span> <span class='ocrx_word' id='word_1_73' title='bbox 528 1283 731 1322; x_wconf 84' lang='lat' dir='ltr'>venerat</span> <span class='ocrx_word' id='word_1_74' title='bbox 760 1310 774 1331; x_wconf 87' lang='lat'><em>,</em></span> <span class='ocrx_word' id='word_1_75' title='bbox 803 1272 939 1322; x_wconf 76' lang='lat' dir='ltr'>mifit</span> <span class='ocrx_word' id='word_1_76' title='bbox 968 1312 980 1333; x_wconf 94' lang='lat'>‚</span> <span class='ocrx_word' id='word_1_77' title='bbox 1010 1294 1132 1344; x_wconf 76' lang='lat' dir='ltr'>quas</span> <span class='ocrx_word' id='word_1_78' title='bbox 1161 1277 1264 1346; x_wconf 78' lang='lat' dir='ltr'>ipse</span> <span class='ocrx_word' id='word_1_79' title='bbox 1292 1277 1432 1327; x_wconf 89' lang='lat' dir='ltr'>Pon-</span> 
     </span>
     <span class='ocr_line' id='line_1_13' title="bbox 166 1363 1435 1421; baseline 0.005 -7"><span class='ocrx_word' id='word_1_80' title='bbox 166 1363 301 1414; x_wconf 74' lang='lat' dir='ltr'>tifex</span> <span class='ocrx_word' id='word_1_81' title='bbox 329 1380 393 1412; x_wconf 75' lang='lat' dir='ltr'>ex</span> <span class='ocrx_word' id='word_1_82' title='bbox 421 1363 658 1414; x_wconf 73' lang='lat' dir='ltr'>manibus</span> <span class='ocrx_word' id='word_1_83' title='bbox 675 1363 899 1415; x_wconf 79' lang='lat' dir='ltr'>eiusdem</span> <span class='ocrx_word' id='word_1_84' title='bbox 927 1365 1185 1418; x_wconf 82' lang='lat' dir='ltr'>Francisci</span> <span class='ocrx_word' id='word_1_85' title='bbox 1216 1368 1435 1421; x_wconf 84' lang='lat' dir='ltr'>Aluares</span> 
     </span>
     <span class='ocr_line' id='line_1_14' title="bbox 160 1455 1437 1532; baseline 0.004 -24"><span class='ocrx_word' id='word_1_86' title='bbox 160 1455 414 1508; x_wconf 66' lang='lat' dir='ltr'>Bononiae</span> <span class='ocrx_word' id='word_1_87' title='bbox 441 1493 453 1513; x_wconf 92' lang='lat'><em>,</em></span> <span class='ocrx_word' id='word_1_88' title='bbox 475 1475 609 1507; x_wconf 81' lang='lat' dir='ltr'>anno</span> <span class='ocrx_word' id='word_1_89' title='bbox 637 1455 808 1508; x_wconf 73' lang='lat' dir='ltr'>salutis</span> <span class='ocrx_word' id='word_1_90' title='bbox 830 1458 1103 1510; x_wconf 82' lang='lat' dir='ltr'>millefimo</span> <span class='ocrx_word' id='word_1_91' title='bbox 1128 1462 1437 1532; x_wconf 78' lang='lat' dir='ltr'>quingente-</span> 
     </span>
     <span class='ocr_line' id='line_1_15' title="bbox 158 1544 1430 1612; baseline 0.008 -17"><span class='ocrx_word' id='word_1_92' title='bbox 158 1545 292 1595; x_wconf 81' lang='lat' dir='ltr'>fimo</span> <span class='ocrx_word' id='word_1_93' title='bbox 320 1544 580 1612; x_wconf 72' lang='lat' dir='ltr'>trigesimo</span> <span class='ocrx_word' id='word_1_94' title='bbox 609 1547 759 1595; x_wconf 84' lang='lat' dir='ltr'>tertio</span> <span class='ocrx_word' id='word_1_95' title='bbox 785 1584 797 1605; x_wconf 91' lang='lat'><em>,</em></span> <span class='ocrx_word' id='word_1_96' title='bbox 828 1549 999 1600; x_wconf 86' lang='lat' dir='ltr'>mense</span> <span class='ocrx_word' id='word_1_97' title='bbox 1025 1549 1291 1612; x_wconf 58' lang='lat' dir='ltr'>[annatim</span> <span class='ocrx_word' id='word_1_98' title='bbox 1321 1552 1430 1605; x_wconf 90' lang='lat' dir='ltr'>Ca-</span> 
     </span>
     <span class='ocr_line' id='line_1_16' title="bbox 165 1635 1447 1716; baseline 0.006 -29"><span class='ocrx_word' id='word_1_99' title='bbox 165 1637 275 1687; x_wconf 84' lang='lat' dir='ltr'>rolo</span> <span class='ocrx_word' id='word_1_100' title='bbox 302 1652 362 1686; x_wconf 82' lang='lat' dir='ltr'>v.</span> <span class='ocrx_word' id='word_1_101' title='bbox 411 1635 727 1704; x_wconf 80' lang='lat' dir='ltr'>Imperatore</span> <span class='ocrx_word' id='word_1_102' title='bbox 764 1642 1005 1710; x_wconf 73' lang='lat' dir='ltr'>praesente</span> <span class='ocrx_word' id='word_1_103' title='bbox 1043 1648 1262 1716; x_wconf 84' lang='lat' dir='ltr'>accepit.</span> <span class='ocrx_word' id='word_1_104' title='bbox 1295 1647 1447 1713; x_wconf 77' lang='lat' dir='ltr'>Qa-</span> 
     </span>
     <span class='ocr_line' id='line_1_17' title="bbox 167 1729 1444 1798; baseline 0.006 -17"><span class='ocrx_word' id='word_1_105' title='bbox 167 1747 285 1781; x_wconf 87' lang='lat' dir='ltr'>rum</span> <span class='ocrx_word' id='word_1_106' title='bbox 320 1730 370 1779; x_wconf 84' lang='lat'>&amp;</span> <span class='ocrx_word' id='word_1_107' title='bbox 405 1729 623 1781; x_wconf 77' lang='lat' dir='ltr'>aliarum</span> <span class='ocrx_word' id='word_1_108' title='bbox 655 1733 715 1782; x_wconf 88' lang='lat' dir='ltr'>ad</span> <span class='ocrx_word' id='word_1_109' title='bbox 740 1733 1139 1790; x_wconf 83' lang='lat' dir='ltr'>Emmanuelem</span> <span class='ocrx_word' id='word_1_110' title='bbox 1163 1775 1177 1798; x_wconf 89' lang='lat'><em>,</em></span> <span class='ocrx_word' id='word_1_111' title='bbox 1205 1739 1255 1790; x_wconf 82' lang='lat'>&amp;</span> <span class='ocrx_word' id='word_1_112' title='bbox 1287 1739 1444 1789; x_wconf 85' lang='lat' dir='ltr'>Ioan-</span> 
     </span>
     <span class='ocr_line' id='line_1_18' title="bbox 95 1817 1451 1893; baseline 0.01 -25"><span class='ocrx_word' id='word_1_113' title='bbox 95 1850 102 1858; x_wconf 85' lang='lat'>-</span> <span class='ocrx_word' id='word_1_114' title='bbox 178 1837 299 1870; x_wconf 86' lang='lat' dir='ltr'>nem</span> <span class='ocrx_word' id='word_1_115' title='bbox 342 1817 510 1888; x_wconf 84' lang='lat' dir='ltr'>Reges</span> <span class='ocrx_word' id='word_1_116' title='bbox 538 1821 893 1893; x_wconf 82' lang='lat' dir='ltr'>interpretatio</span> <span class='ocrx_word' id='word_1_117' title='bbox 920 1865 932 1884; x_wconf 91' lang='lat'>,</span> <span class='ocrx_word' id='word_1_118' title='bbox 976 1826 1137 1879; x_wconf 85' lang='lat' dir='ltr'>Paulo</span> <span class='ocrx_word' id='word_1_119' title='bbox 1168 1828 1320 1880; x_wconf 88' lang='lat' dir='ltr'>Iouio</span> <span class='ocrx_word' id='word_1_120' title='bbox 1371 1831 1451 1880; x_wconf 85' lang='lat' dir='ltr'>vi-</span> 
     </span>
     <span class='ocr_line' id='line_1_19' title="bbox 179 1907 1456 1984; baseline 0.009 -25"><span class='ocrx_word' id='word_1_121' title='bbox 179 1926 237 1959; x_wconf 89' lang='lat' dir='ltr'>ro</span> <span class='ocrx_word' id='word_1_122' title='bbox 256 1907 487 1958; x_wconf 60' lang='lat' dir='ltr'>emdifi&#39;co</span> <span class='ocrx_word' id='word_1_123' title='bbox 514 1911 738 1965; x_wconf 86' lang='lat' dir='ltr'>debetur</span> <span class='ocrx_word' id='word_1_124' title='bbox 767 1937 779 1966; x_wconf 89' lang='lat'>:</span> <span class='ocrx_word' id='word_1_125' title='bbox 821 1917 910 1984; x_wconf 88' lang='lat' dir='ltr'>qui</span> <span class='ocrx_word' id='word_1_126' title='bbox 938 1935 1020 1966; x_wconf 86' lang='lat' dir='ltr'>eas</span> <span class='ocrx_word' id='word_1_127' title='bbox 1065 1936 1130 1966; x_wconf 84' lang='lat' dir='ltr'>ex</span> <span class='ocrx_word' id='word_1_128' title='bbox 1158 1917 1456 1972; x_wconf 85' lang='lat' dir='ltr'>Lufitanico</span> 
     </span>
     <span class='ocr_line' id='line_1_20' title="bbox 177 2000 1457 2071; baseline 0.008 -20"><span class='ocrx_word' id='word_1_129' title='bbox 177 2000 412 2052; x_wconf 89' lang='lat' dir='ltr'>sermone</span> <span class='ocrx_word' id='word_1_130' title='bbox 439 2037 454 2058; x_wconf 94' lang='lat'>,</span> <span class='ocrx_word' id='word_1_131' title='bbox 497 2001 551 2052; x_wconf 86' lang='lat' dir='ltr'>in</span> <span class='ocrx_word' id='word_1_132' title='bbox 599 2021 755 2070; x_wconf 91' lang='lat' dir='ltr'>quem</span> <span class='ocrx_word' id='word_1_133' title='bbox 782 2018 894 2056; x_wconf 86' lang='lat' dir='ltr'>tum</span> <span class='ocrx_word' id='word_1_134' title='bbox 922 2006 1074 2057; x_wconf 84' lang='lat' dir='ltr'>versae</span> <span class='ocrx_word' id='word_1_135' title='bbox 1101 2023 1246 2061; x_wconf 85' lang='lat' dir='ltr'>erant</span> <span class='ocrx_word' id='word_1_136' title='bbox 1275 2049 1289 2071; x_wconf 93' lang='lat'><em>‚</em></span> <span class='ocrx_word' id='word_1_137' title='bbox 1339 2011 1457 2061; x_wconf 76' lang='lat' dir='ltr'>lati-</span> 
     </span>
     <span class='ocr_line' id='line_1_21' title="bbox 169 2090 1175 2153; baseline 0.009 -12"><span class='ocrx_word' id='word_1_138' title='bbox 169 2109 262 2147; x_wconf 82' lang='lat' dir='ltr'>nas</span> <span class='ocrx_word' id='word_1_139' title='bbox 290 2090 414 2143; x_wconf 80' lang='lat' dir='ltr'>fecit</span> <span class='ocrx_word' id='word_1_140' title='bbox 442 2129 457 2153; x_wconf 92' lang='lat'><em>,</em></span> <span class='ocrx_word' id='word_1_141' title='bbox 486 2107 539 2146; x_wconf 79' lang='lat' dir='ltr'>vt</span> <span class='ocrx_word' id='word_1_142' title='bbox 571 2094 673 2147; x_wconf 80' lang='lat' dir='ltr'>iam</span> <span class='ocrx_word' id='word_1_143' title='bbox 697 2096 782 2147; x_wconf 83' lang='lat' dir='ltr'>hic</span> <span class='ocrx_word' id='word_1_144' title='bbox 812 2098 982 2148; x_wconf 79' lang='lat' dir='ltr'>videre</span> <span class='ocrx_word' id='word_1_145' title='bbox 1034 2098 1175 2151; x_wconf 80' lang='lat' dir='ltr'>licet.</span> 
     </span>
    </p>
   </div>
   <div class='ocr_carea' id='block_1_3' title="bbox 800 2762 1430 2824">
    <p class='ocr_par' dir='ltr' id='par_1_3' title="bbox 800 2762 1430 2824">
     <span class='ocr_line' id='line_1_22' title="bbox 800 2762 1430 2824; baseline -0.003 -11"><span class='ocrx_word' id='word_1_146' title='bbox 800 2768 857 2824; x_wconf 87' lang='lat'><em>0</em></span> <span class='ocrx_word' id='word_1_147' title='bbox 1318 2762 1430 2813; x_wconf 64' lang='lat' dir='ltr'>Lis.</span> 
     </span>
    </p>
   </div>
  </div>
 </body>
</html>
