1965 3256
511 202 612 259 208
873 224 1159 261 DAMIANI
1211 226 1250 261 A
1298 226 1439 262 cofis

495 363 533 387 „
560 328 760 378 videtur
786 333 1131 397 expetendum
1161 370 1175 391 ,
1220 331 1615 402 suppliciterque
1655 334 1781 389 item
1832 355 1841 360 ”

497 455 536 478 ,,
567 437 657 468 oro
682 457 694 475 .
734 432 786 469 vt
814 420 1097 472 ami-citiam
1123 441 1296 475 meam
1323 461 1335 481 ‚
1364 423 1426 473 ad
1456 423 1605 474 instar
1625 445 1790 478 annu-

490 547 527 568 „
554 510 610 564 li,
635 526 785 576 quem
815 510 983 561 induis
1014 513 1066 562 in
1097 514 1318 582 digitum
1345 550 1357 571 ,
1398 513 1446 562 δε
1471 517 1668 582 torquis
1698 536 1787 567 au·-

493 638 535 660 „
568 601 640 650 rei
665 638 679 658 ‚
723 618 875 667 quem
905 601 1130 652 humeris
1153 603 1378 669 imponis
1405 641 1419 661 ‚
1457 603 1511 652 in
1541 605 1790 658 intimum

491 728 529 750 ‚,
558 709 646 740 cor
666 709 912 757 reponere
936 693 1060 742 velis
1085 731 1097 751 ‚
1140 707 1193 742 vt
1221 694 1320 742 mei
1353 695 1619 745 memoria
1658 715 1790 747 nun-

495 823 533 845 „
565 804 720 855 quam
738 805 799 836 ex
827 789 1001 838 animo
1030 788 1186 838 vestro
1211 789 1453 839 deleatur.
1499 788 1675 840 Gratis
1714 805 1791 840 et-

485 913 523 937 „
553 878 689 928 enim
729 880 892 928 verbis
923 917 935 938 ‚
975 880 1232 930 &litteris
1288 880 1518 930 amicitia
1563 883 1789 932 maxime

496 1002 537 1024 „
562 967 760 1022 crescit,
789 985 907 1017 cum
930 987 1042 1016 eam
1083 968 1251 1017 sanein
1277 987 1377 1037 pax
1403 970 1786 1037 compleffi'dtur,

445 1063 447 1065 ’
486 1095 522 1118 ,,
553 1057 579 1108 ὲ
599 1078 697 1128 qua
723 1060 893 1108 omnis
919 1060 1336 1110 humanalaetitia
1358 1061 1507 1110 facile
1528 1065 1782 1128 provenit.

600 1184 636 1205 ‚‚
666 1148 1200 1216 QVEMADMODVM
1233 1153 1372 1202 enim
1401 1152 1443 1203 is
1469 1190 1483 1212 ‚
1522 1152 1611 1220 qui
1633 1150 1789 1200 vehe-

483 1269 521 1294 ‚,
548 1250 744 1287 menter
772 1238 870 1288 sitit
895 1276 908 1297 ,
941 1239 1183 1308 frigidam
1212 1242 1440 1292 maxime
1468 1259 1657 1310 aquam
1695 1241 1785 1289 de-

489 1364 527 1387 „
555 1330 752 1388 fiderat,
784 1344 839 1380 ut
880 1331 934 1380 in
958 1329 1122 1382 Sacris
1146 1331 1420 1402 Scripturis
1445 1335 1678 1391 habetur,
1721 1333 1790 1382 ita

496 1454 533 1476 ‚,
561 1419 765 1471 animus
793 1439 938 1471 meus
971 1437 1040 1472 ex
1070 1424 1276 1475 nunciis
1301 1462 1313 1482 ‚
1341 1426 1593 1477 &litteris
1622 1463 1636 1484 ,
1675 1442 1788 1491 quae

497 1555 535 1579 ‚,
564 1537 629 1570 ex
654 1521 1001 1571 remotissimis
1029 1521 1175 1572 terris
1203 1522 1502 1574 deferuntur
1525 1561 1539 1582 ,
1566 1519 1789 1572 incredi-

487 1647 525 1668 „
554 1611 656 1660 bile
683 1612 927 1680 gaudium
955 1612 1223 1679 concipere
1249 1612 1392 1663 solet.
1438 1613 1627 1681 Neque
1672 1625 1785 1660 tan-

480 1739 519 1761 ‚‚
549 1705 820 1754 tummodo
840 1705 900 1754 de
923 1704 1200 1756 Sancffitate
1228 1705 1404 1765 vestra,
1435 1705 1469 1755 fi
1495 1706 1670 1773 aliqua
1691 1722 1781 1753 au-

493 1832 529 1853 „
557 1796 698 1846 diero
723 1835 736 1856 ‚
783 1816 960 1848 verum
1007 1798 1040 1848 fi
1091 1811 1228 1848 certa
1276 1799 1337 1847 de
1389 1799 1598 1869 singulis
1638 1812 1782 1849 terrae

478 1926 515 1948 ‚,
545 1888 848 1942 Christianae
875 1892 1107 1962 Regibus
1134 1892 1416 1943 referentur
1447 1930 1461 1953 ,
1490 1894 1685 1944 mirum
1714 1894 1769 1943 in

489 2022 526 2042 ‚,
555 1986 770 2035 modum
815 1985 1026 2036 laetabor
1055 2024 1068 2043 ,
1115 1985 1258 2036 ficuti
1299 1986 1380 2036 his
1421 1983 1645 2046 accidit,
1689 1987 1781 2054 qui

434 2083 437 2085 ’
481 2112 527 2133 ,,
555 2076 834 2143 praeliando
861 2078 1058 2145 optima
1087 2077 1244 2146 spolia
1271 2078 1531 2148 reperiunt
1552 2116 1566 2138 ,
1612 2079 1662 2130 ἃ.
1703 2078 1781 2128 le-

477 2203 493 2225 ,
515 2203 528 2224 ,
551 2181 706 2235 gunt3
731 2171 827 2219 hoc
857 2171 997 2221 enim
1030 2170 1259 2222 facilime
1279 2172 1389 2223 fieri
1418 2171 1581 2242 potest
1606 2207 1620 2230 ,
1647 2170 1786 2239 post-

473 2295 509 2318 „
539 2278 694 2326 quam
729 2261 842 2311 Rex
886 2262 1212 2334 Portugailiae
1256 2277 1426 2315 totum
1454 2264 1504 2314 id
1531 2265 1627 2314 iter
1652 2282 1782 2331 ape-

480 2389 524 2410 ,‚
545 2351 645 2401 ruit
676 2389 688 2406 ,
732 2354 816 2418 qui
848 2356 910 2402 ad
938 2374 1030 2406 nos
1051 2358 1160 2424 jam
1187 2356 1385 2423 pridem
1431 2356 1626 2424 legatos
1677 2354 1763 2405 su-

472 2479 508 2500 „
531 2460 586 2491 os
623 2442 756 2491 misit
784 2461 903 2492 cum
926 2444 1271 2496 strenuiffimis
1291 2447 1578 2514 equitibus,
1632 2445 1782 2497 Dum
1834 2455 1836 2457 ’

474 2574 510 2596 ,,
542 2551 723 2589 autem
752 2549 895 2604 pater
922 2556 1068 2586 meus
1111 2538 1227 2587 effet
1278 2541 1332 2589 in
1360 2539 1606 2590 humanis
1633 2575 1646 2596 ,
1668 2539 1779 2587 ‘ne-
1830 2542 1840 2563 ³

473 2660 510 2682 ‚,
540 2640 636 2690 que
664 2636 777 2675 tum
804 2663 817 2685 ‚
849 2639 934 2677 aut
956 2627 1166 2677 demum
1194 2646 1220 2676 a
1245 2644 1508 2695 quoquam
1537 2627 1639 2679 alio
1661 2625 1767 2675 Re·
1823 2646 1834 2659 ⁴

1720 2734 1782 2787 ge
