1965 3256
579 252 649 329 96
933 273 1217 312 DAMIANI
1269 276 1308 311 A
1357 264 1508 313 eom

574 375 817 427 conuiuas
858 379 1003 430 velle.
1047 378 1188 431 Galli
1231 394 1405 432 contra
1444 387 1494 436 &
1537 381 1840 444 Germani,

575 478 627 515 vt
676 485 851 518 verum
869 470 936 520 est
960 508 973 529 ‚
1018 471 1069 520 δε
1094 472 1289 540 experti
1319 471 1491 524 sumus
1526 512 1539 533 ,
1575 474 1840 526 humanis-

578 563 689 614 fimi
752 566 804 614 in
841 568 1130 635 peregrinos
1176 565 1327 616 sunt:
1370 569 1616 637 quicquid
1668 569 1835 619 visen-

573 662 694 710 dum
732 660 782 710 in
807 659 904 710 suis
933 659 1228 709 ciuitatibus
1257 659 1443 711 habent
1477 700 1489 721 ‚
1519 661 1795 711 ostendunt
1818 700 1832 717 ,

582 768 836 818 omneque
895 749 1122 800 officium
1163 751 1381 818 benigne
1430 752 1689 802 exhibent.
1742 750 1837 800 Sed

573 843 791 910 perae'tis
818 841 1113 908 spe&aculis
1143 841 1228 891 vbi
1249 839 1582 892 diuersorium
1609 842 1793 908 repetis
1820 878 1837 900 ,

572 935 673 985 siue
697 934 876 1004 frigide
908 975 919 994 ,
952 921 1048 984 siue
1076 935 1306 984 ardenter
1333 931 1465 1001 ipsos
1497 934 1681 984 inuitas
1713 971 1725 991 ‚
1757 933 1839 984 fa-

572 1027 694 1077 ciles
715 1045 800 1076 eorz
823 1028 974 1076 habes
993 1063 1005 1083 ‚
1034 1043 1125 1074 nec
1154 1044 1280 1093 opus
1315 1025 1381 1074 est
1411 1043 1593 1093 magna
1619 1038 1836 1074 conten-

574 1123 712 1171 tione
751 1138 992 1188 precum,
1032 1122 1182 1187 idque
1227 1122 1410 1171 laudo:
1454 1120 1520 1170 est
1546 1122 1684 1170 enim
1713 1119 1838 1170 illud

570 1211 802 1279 ingenuae
837 1210 1100 1260 cuiusdam
1127 1212 1174 1260 &
1197 1210 1424 1260 candidae
1453 1209 1791 1277 simplicitatis
1818 1246 1835 1267 ,

572 1303 703 1355 nihil
759 1302 939 1353 fifitum
965 1301 1247 1352 existimare
1294 1302 1345 1351 in
1381 1301 1544 1351 verbis
1596 1302 1838 1352 inuitato-

568 1397 659 1448 ris.
703 1394 798 1446 Sed
835 1395 948 1445 sunt
992 1393 1224 1445 nonnulli
1254 1392 1591 1461 improbiores
1615 1428 1629 1450 ,
1673 1391 1758 1459 qui
1790 1389 1838 1441 se

569 1489 701 1539 vitro
739 1502 838 1539 tuae
885 1486 1070 1538 mensae
1114 1488 1390 1556 ingerunt,
1441 1486 1593 1553 idque
1644 1501 1835 1551 magno

567 1597 783 1630 numero
806 1617 818 1637 ,
849 1596 975 1646 quos
1001 1590 1148 1628 antea
1169 1596 1260 1629 nec
1289 1594 1524 1633 noueras,
1555 1591 1648 1624 nec
1698 1573 1837 1622 vide-

568 1689 645 1721 ras
669 1709 681 1728 ,
702 1670 837 1738 iique
864 1686 966 1718 non
992 1669 1111 1736 quia
1137 1668 1291 1717 amici
1322 1667 1434 1715 sunt
1461 1701 1472 1721 ‚
1501 1661 1582 1712 sed
1617 1658 1666 1709 se
1695 1658 1839 1708 ami-

565 1777 653 1809 cos
674 1760 947 1827 aliquando
969 1757 1166 1808 futuros
1190 1757 1385 1825 sperant
1416 1793 1430 1814 ,
1461 1771 1550 1824 pro
1572 1750 1833 1820 Pythago-

563 1853 793 1921 ricalege
820 1853 995 1902 onmia
1022 1852 1311 1901 futurorum
1350 1848 1640 1901 amicorum
1686 1861 1837 1894 com-

564 1947 739 1996 munia
781 1947 992 1996 credunt
1024 1983 1037 2003 ,
1084 1947 1320 1996 homines
1373 1938 1666 1992 mehercule
1720 1955 1826 1989 non

564 2038 698 2087 male
718 2039 778 2087 ad
803 2051 1030 2089 ventrem
1066 2037 1498 2107 philosophantes.

669 2126 1000 2176 POSTREMO
1030 2126 1082 2176 in
1109 2126 1260 2176 Italia
1283 2165 1296 2185 ‚
1325 2121 1675 2192 Hispaniaque
1703 2117 1828 2170 dum

563 2217 755 2285 templa
790 2257 800 2276 ‚
831 2237 969 2268 arces
995 2257 1008 2277 ,
1031 2218 1424 2270 armamentaria
1443 2255 1457 2276 ‚
1477 2210 1710 2268 aedificia,
1733 2209 1831 2260 hu-
1852 2212 1854 2215 ’

569 2308 747 2375 iusque
783 2312 980 2377 generis
1016 2312 1114 2362 alia
1157 2309 1435 2381 inspexeris
1465 2346 1479 2368 ,
1512 2305 1590 2357 vel
1629 2302 1831 2354 adorno

559 2398 716 2449 amici
767 2399 986 2449 alicuius
1026 2403 1139 2461 tui,
1181 2403 1312 2471 apud
1339 2417 1495 2470 quem
1528 2396 1827 2466 hospitaba-

559 2488 630 2539 1is
656 2526 670 2546 ‚
693 2488 986 2549 discesseris,
1011 2491 1044 2540 fi
1073 2492 1361 2543 custodibus
1390 2530 1404 2552 ‚
1437 2491 1514 2542 vel
1536 2490 1780 2559 operariis
1799 2523 1815 2547 ,

562 2594 648 2631 aut
697 2581 851 2630 amici
881 2581 1088 2632 famulis
1115 2619 1127 2639 ,
1157 2583 1382 2650 aliquam
1431 2582 1704 2651 gratuitam
1723 2595 1816 2645 pe-

566 2675 824 2729 cuniolam
850 2676 965 2727 dare
1010 2675 1208 2731 coneris
1236 2713 1250 2735 ,
1276 2676 1462 2729 efficies
1489 2692 1581 2749 pro
1614 2670 1786 2725 amico
1804 2706 1822 2730 ,

1738 2774 1792 2819 Vt

1954 2467 1965 2865 ‘mm-mu—ssflm.
1959 2315 1965 2443 ...ᾼμ-«μ
1960 2277 1965 2293 -Ᾰ
1960 2234 1965 2238 «
1962 2201 1965 2204 i
1964 2139 1965 2162 ⁴⁴
