1931 3239
188 248 362 286 FmEs
399 243 646 283 RELIGIO
680 242 957 291 MORESQ
1000 244 1306 284 AETHIOP.
1351 250 1453 307 249

154 350 380 405 decreuit
408 366 524 399 cum
550 367 611 398 eo
628 349 829 398 mittere
857 347 1135 406 Azariam,
1165 351 1454 419 principem

147 444 482 504 sacerdotum,
506 447 672 498 filium
704 448 900 498 Sadoch
920 485 931 504 ,
957 447 1208 516 principis
1241 469 1450 519 quoque

145 536 482 591 sacerdotum.
525 539 684 608 Qiod
725 559 846 591 cum
894 539 1108 591 Azarias
1157 541 1457 593 intellexis-

148 627 222 680 set
258 669 272 690 ,
301 630 558 684 Davidem
604 635 839 686 hortatus
892 633 959 684 est
988 672 1002 693 ,
1050 646 1102 684 vt
1156 635 1202 685 ei
1258 654 1286 685 a
1314 649 1458 704 patre

156 718 456 788 impetraret
483 724 779 793 potestatem
829 723 1146 779 sacrificandi
1199 746 1291 798 pro
1342 728 1457 778 suc-

158 812 288 863 ceffu
315 816 515 868 itineris
546 856 559 877 ,
589 833 704 870 ante
740 839 908 872 arcam
938 822 1146 874 foederis
1196 823 1451 874 Domini.

160 898 282 967 Qa
309 922 360 953 re
386 923 413 954 a
441 904 713 957 Salomone
741 910 1012 977 impetrata
1032 949 1045 970 ,
1065 910 1282 962 Azarias
1315 910 1455 962 subi-

155 1007 210 1046 to
234 998 449 1057 tabulas,
481 1019 634 1067 qnam
666 1001 982 1055 secretiffime
1007 1005 1176 1073 potuit
1198 1044 1210 1063 ,
1241 1005 1304 1055 ad
1335 1005 1458 1056 imi-

154 1090 407 1140 tationem
434 1094 721 1143 tabularum
770 1095 978 1147 foederis
1023 1099 1247 1148 Domini
1298 1097 1457 1147 dedo-

154 1179 258 1231 ]are
300 1197 459 1234 curat.
505 1184 708 1252 inbus
760 1187 999 1254 perfee'fis
1051 1191 1111 1239 ad
1162 1189 1455 1240 sacrifican-

153 1275 278 1324 dum
307 1272 353 1323 se
380 1277 647 1343 componit
674 1313 684 1331 ‚
716 1277 768 1327 in
799 1277 1006 1347 ipsoque
1030 1280 1280 1331 sacrificio
1308 1282 1451 1331 clan-

154 1365 329 1416 culum
358 1404 371 1426 ‚
400 1380 550 1434 atque
575 1368 704 1418 mira
732 1382 834 1419 arte
866 1409 878 1428 ,
909 1390 1046 1422 veras
1076 1373 1287 1424 foederis
1339 1374 1458 1425 Do-

154 1455 285 1506 mini
312 1456 505 1506 tabulas
531 1474 593 1506 ex
643 1475 759 1507 arca
803 1457 1041 1529 surripuit
1073 1499 1086 1521 ,
1136 1481 1226 1530 pro
1273 1462 1450 1531 eisque

154 1543 461 1596 adulterinas
492 1587 505 1607 ,
536 1567 659 1618 quas
687 1549 858 1600 secum
908 1567 1199 1622 portauerat
1233 1594 1244 1614 ‚
1299 1573 1449 1624 repo-

154 1632 257 1684 suit
292 1673 307 1694 ,
332 1635 377 1686 se
405 1636 513 1687 solo
542 1677 556 1698 ,
606 1658 662 1690 ac
690 1641 807 1692 Deo
835 1644 1062 1696 conscio.
1119 1645 1247 1696 Haec
1277 1664 1453 1697 narra-

155 1723 231 1775 tio
258 1728 390 1794 apud
419 1746 511 1779 nos
539 1729 822 1803 Aethiopes
864 1733 1168 1788 san&i{iima
1226 1740 1275 1789 δε
1324 1757 1445 1807 pro-

158 1821 406 1871 batiffima
433 1822 646 1874 'nabetur
676 1864 690 1885 ,
721 1841 770 1877 vt
797 1845 863 1878 ex
894 1829 1097 1881 historia
1143 1833 1299 1900 ipsuis
1353 1833 1459 1882 Re-

160 1911 239 1980 gis
268 1911 487 1963 Dauidis
535 1915 551 1983 (
579 1933 690 1982 quae
731 1920 1089 1986 jucundissirna
1138 1923 1273 1973 leffitu
1325 1921 1393 1973 est
1419 1921 1450 1985 )

167 2018 396 2073 apparet.
443 2003 609 2074 Cujus
648 2007 863 2062 historiae
889 2014 1017 2064 liber
1057 2027 1209 2065 tantae
1235 2015 1460 2065 craffitu-

161 2098 296 2154 dinis
323 2100 390 2150 est
413 2137 426 2158 ,
457 2113 654 2168 quantae
681 2121 862 2154 omnes
891 2105 1037 2156 Pauli
1064 2106 1304 2176 epistolae.
1339 2103 1460 2156 Cae-

161 2212 328 2251 terum
355 2215 476 2248 cum
505 2197 606 2249 iam
659 2199 830 2252 Dauid
884 2203 945 2252 ad
993 2204 1117 2254 fines
1167 2206 1459 2274 Aethiopiae

162 2290 461 2362 peruenisset
491 2330 505 2351 ,
535 2291 750 2345 Azarias
801 2295 909 2346 eius
939 2300 1216 2350 tentorium
1266 2302 1463 2372 ingres-

165 2382 245 2435 sus
279 2421 292 2442 ,
318 2383 369 2433 id
395 2385 531 2453 quod
562 2385 757 2457 semper
780 2392 910 2460 apud
941 2391 986 2441 se
1013 2391 1278 2447 occultum
1306 2411 1456 2449 tenu-

164 2486 306 2532 erat,
333 2475 379 2526 ei
408 2478 597 2531 reuelat
627 2519 642 2541 ,
672 2495 854 2552 nempe
881 2487 1076 2539 tabuias
1106 2487 1313 2542 foederis
1342 2490 1459 2541 Do·

166 2566 297 2618 mini
347 2587 501 2639 penes
552 2573 600 2626 se
626 2572 737 2630 effe.
783 2579 904 2649 Qia
932 2603 982 2635 re
1027 2588 1197 2638 audita
1233 2626 1245 2646 ‚
1294 2580 1463 2636 subito

169 2655 344 2713 Dauid
364 2663 425 2716 ad
449 2669 750 2734 tentorium,
779 2675 864 2725 vbi
894 2675 1109 2733 Azarias
1138 2680 1331 2731 tab-„iias
1359 2675 1461 2726 foe-

737 2766 768 2817 S
809 2786 839 2823 2
1341 2775 1426 2824 de„
