1931 3239
356 263 700 308 onsn’ole
745 256 1110 298 DESCRIPTIO
1329 260 1388 296 21

160 381 289 436 mira
327 371 579 442 elegantia
623 369 942 420 elaboratum
974 402 987 422 ,
1019 360 1120 413 sese
1173 362 1324 411 nobis
1352 361 1432 411 of·-

160 471 255 522 fert
280 507 295 528 ,
317 467 446 518 olim
481 461 630 534 ipsius
656 459 762 510 diui
786 455 1001 508 Antonii
1029 466 1304 523 parentum
1337 453 1429 502 ha-

157 560 435 613 bitaculum
458 596 471 618 ,
515 556 571 606 in
589 572 690 624 quo
716 551 924 621 quidem
947 546 1053 615 ipse
1081 559 1230 596 natus
1261 581 1274 601 ,
1297 545 1429 594 edu-

156 652 394 720 catusque
437 650 536 702 fuit
558 685 573 706 ,
607 664 672 698 ex
712 644 858 695 cuius
892 639 1147 692 natalibus
1178 654 1281 686 non
1312 653 1426 685 me-

156 747 395 803 diocriter
434 743 534 796 sese
558 743 672 792 vrbs
721 735 929 804 Olisipo
975 731 1178 785 extollit
1210 767 1222 790 ,
1251 731 1299 780 &
1329 745 1450 779 rne-

157 840 258 892 rito
307 838 516 908 quidem
543 833 610 885 est
633 871 646 892 ‚
675 848 795 882 cum
828 829 965 878 inter
1001 824 1192 875 caelites
1228 835 1334 871 tam
1360 820 1442 870 di.-

158 951 256 1002 gne
311 929 545 982 omnium
595 922 1008 977 Christianorum
1055 911 1304 966 consensu
1376 907 1442 958 fic

159 1038 518 1079 annumeratus
557 1020 841 1085 relatusque
887 1013 944 1064 s1t
995 1048 1007 1070 ,
1045 1023 1098 1058 vt
1132 1006 1247 1058 Deo
1279 1002 1439 1054 totius

124 1088 438 1169 *Christiani
491 1115 665 1186 populi
712 1108 1016 1162 sententiam
1064 1100 1439 1154 miraculorum

163 1214 264 1266 fide
301 1213 633 1263 confirmante
662 1246 675 1267 ,
721 1205 872 1273 ipsius
913 1198 1180 1250 beatiffimi
1212 1190 1442 1244 Antonii

166 1492 276 1545 e'ius
300 1492 548 1544 memoria
569 1489 764 1539 colatur
787 1521 801 1543 ‚
831 1480 1236 1542 celebretur-que.
1282 1471 1445 1538 Super

168 1583 276 1634 eius
298 1582 464 1633 sacelli
488 1577 774 1651 epistylium
811 1572 996 1622 domus
1017 1567 1183 1618 ciuica
1206 1601 1220 1621 ,
1250 1561 1331 1609 seu
1361 1578 1444 1608 vr-

170 1676 300 1725 bana
325 1673 464 1724 curia
489 1669 757 1721 constituta
783 1664 870 1716 est.
918 1661 1002 1714 De
1030 1659 1176 1709 cuius
1218 1653 1397 1704 ordine
1427 1685 1442 1707 ‚

171 1765 395 1834 serieque
415 1761 680 1834 regiminis
740 1757 900 1809 multa
928 1755 977 1805 &
1009 1749 1248 1820 praeclara
1275 1744 1444 1793 dicere

170 1851 500 1921 potuissemus
529 1887 543 1911 ‚
584 1848 617 1898 s1
651 1847 703 1897 id
726 1845 949 1895 alienum
989 1858 1016 1888 a
1046 1835 1214 1888 nostro
1244 1829 1445 1882 institu-

173 1963 230 2000 to
255 1965 358 1998 non
406 1946 678 1995 videretur.
723 1938 1085 2007 Qamobrem
1134 1928 1196 1979 ad
1243 1944 1302 1976 ea
1329 1941 1442 1992 quae

172 2037 394 2110 polliciti
419 2034 588 2084 sumus
615 2030 898 2082 redeamus.

183 2113 186 2116 ⁴
289 2127 517 2178 Iam-viz
543 2123 761 2190 antiquae
818 2118 954 2170 vrbis
988 2109 1283 2184 Olyfiponis
1333 2106 1450 2160 fitus

171 2215 670 2271 collemexcelsum
702 2251 717 2272 ‚
771 2212 832 2261 ad
889 2205 1033 2275 Tagi
1083 2203 1248 2271 ripam
1297 2198 1457 2249 dedu-

180 2312 325 2363 &um
379 2307 563 2377 Vsque,
599 2304 880 2372 antiquitus
922 2295 1244 2351 solummodo
1292 2309 1450 2342 occu-

179 2409 331 2478 pabat
359 2443 374 2466 ,
403 2422 536 2456 nunc
561 2421 679 2455 vero
729 2401 894 2472 plures
931 2409 1133 2448 montes
1162 2430 1175 2453 ,
1203 2408 1261 2441 ac
1289 2385 1445 2438 valles

170 2504 530 2574 ‘magnitudine
569 2501 914 2572 amplectitur.
959 2497 1124 2550 Cuius
1153 2487 1401 2562 potiffima
1431 2514 1445 2534 5

178 2600 605 2668 celeberrimaque
644 2614 758 2666 pars
802 2592 1010 2645 Orienti
1056 2582 1284 2658 opposita
1340 2575 1443 2627 cst:

178 2701 279 2761 qua
302 2691 614 2765 potiffirnum
656 2698 794 2764 parte
818 2724 833 2747 ,
864 2683 1095 2752 suscepto
1121 2679 1226 2730 iam
1252 2670 1408 2736 Tago
1436 2702 1450 2724 ,

1277 2765 1418 2838 petia-2
