1965 3256
534 258 639 314 290
888 261 1175 297 DAMIAN!
1227 261 1266 296 A
1298 260 1445 296 Gozs

534 382 650 415 mus
689 401 703 423 ‚
743 362 777 414 fi
822 364 905 414 hic
936 367 1096 414 bonus
1147 364 1222 413 vir
1267 363 1319 413 in
1361 363 1624 432 pristinum
1668 361 1813 412 suum

531 450 779 503 honorem
806 453 1058 502 restitutus
1101 452 1216 501 effet
1251 470 1265 511 ς
1311 452 1439 501 nihil
1469 452 1605 501 enim
1652 450 1815 518 magis

536 544 714 613 cupit,
770 542 899 592 nibil
943 542 1107 592 acrius
1153 539 1464 599 meditatur,
1506 558 1660 608 quam
1714 555 1815 607 quo

533 645 682 715 pa&o
708 643 815 692 haec
834 660 955 711 gens
981 640 1040 690 ad
1068 635 1256 688 Christi
1297 636 1447 686 fidem
1487 635 1660 685 reduci
1701 634 1818 703 pos-

534 731 633 793 fit3
674 731 802 782 nihil
847 730 1068 780 flebilius
1106 727 1333 796 deplorat
1371 764 1385 784 ,
1426 745 1578 794 quam
1609 727 1742 793 quod
1772 725 1821 775 se

532 822 739 872 auotore
779 821 862 886 (id
898 820 1033 888 quod
1057 817 1184 885 saepe
1211 818 1387 868 animo
1421 818 1644 868 voluerat
1673 813 1691 881 )
1732 817 1810 866 hae

535 912 828 962 miserandae
850 911 1065 979 pecudes
1081 909 1263 966 adhuc,
1285 922 1489 975 propter
1511 909 1721 976 impiam
1741 925 1821 956 re-

536 1004 810 1071 ligionem,
836 1018 922 1067 per
945 997 1287 1049 Christianam
1316 999 1467 1048 fidem
1487 997 1674 1048 Christi
1703 1016 1821 1048 oves

538 1093 686 1143 fae&
714 1112 816 1143 non
841 1091 955 1140 sint.
1001 1091 1116 1142 Nec
1143 1104 1247 1140 tam
1283 1091 1512 1158 queritur
1562 1090 1609 1139 se
1635 1093 1696 1139 ab
1720 1091 1822 1140 Ar-

535 1183 915 1252 chiepiscopatu
945 1221 960 1242 ,
1005 1181 1082 1232 vel
1131 1182 1281 1232 bonis
1318 1181 1465 1231 avitis
1517 1179 1819 1249 depulsum,

539 1289 693 1340 quam
715 1273 851 1340 quod
876 1284 1043 1322 careat
1071 1271 1239 1321 neruis
1260 1307 1273 1330 ,
1300 1269 1498 1320 auxilio
1525 1271 1573 1321 &
1602 1269 1823 1319 faculta-

541 1364 678 1414 tibus
703 1403 717 1422 ,
757 1365 942 1432 quibus
981 1364 1107 1414 hanc
1159 1363 1480 1432 Lappianam
1527 1363 1734 1432 plagam
1775 1364 1826 1413 &

541 1452 783 1501 medicari
817 1490 830 1510 ,
852 1453 1005 1504 &sub
1030 1451 1219 1503 Christi
1261 1453 1441 1521 iugum
1483 1455 1683 1502 mittere
1717 1489 1729 1508 ‚
1775 1451 1825 1500 &

550 1545 802 1596 Romanae
824 1544 1059 1595 Ecclesiae
1085 1546 1393 1614 coniungere
1422 1545 1582 1613 polilt.
1627 1544 1687 1595 Id
1710 1545 1827 1611 qui-

539 1634 656 1684 dem
681 1633 847 1702 postea
874 1635 1000 1684 mihi
1047 1634 1225 1703 saepins
1265 1653 1353 1702 per
1393 1635 1584 1683 litteras
1625 1633 1823 1683 confir-

541 1729 723 1787 mauit,
753 1730 956 1796 quibuS‚
984 1709 1209 1779 noridum
1239 1728 1341 1796 ipse
1368 1728 1592 1795 placatus
1615 1765 1626 1785 ,
1655 1744 1824 1776 acrem

550 1818 703 1869 huius
731 1815 923 1884 negotii
951 1853 963 1874 ‚
1005 1817 1057 1866 in
1087 1816 1186 1866 fine
1228 1817 1367 1866 illius
1395 1819 1577 1884 primae
1606 1815 1825 1865 Preciofi

547 1906 761 1959 Ioannis
783 1906 1073 1973 legationiS,
1093 1908 1276 1974 (quam
1306 1906 1400 1974 ipff
1422 1905 1600 1956 Ioanni
1628 1905 1827 1973 Magno

541 1998 722 2052 Gotho
765 1995 1056 2047 consecraui
1087 1996 1104 2062 )
1143 1997 1462 2048 mentionem
1495 1996 1593 2048 feci
1629 2034 1642 2055 ‚
1687 1997 1736 2046 δε
1765 2013 1830 2045 ne

545 2104 658 2138 tum
681 2088 890 2155 quidem
919 2087 1046 2138 mihi
1078 2087 1164 2155 ipsi
1193 2087 1244 2137 in
1271 2088 1368 2137 hoc
1403 2087 1609 2154 negotio
1637 2083 1831 2135 satisfe-

547 2185 618 2245 ci3
643 2184 722 2234 sed
754 2203 871 2234 cum
898 2183 1111 2236 Erasmo
1133 2184 1478 2236 Roterodamo
1503 2183 1630 2234 meis
1650 2181 1832 2232 litteris

546 2275 624 2342 egi
669 2313 681 2334 ,
706 2291 758 2325 vt
786 2276 987 2326 causam
1015 2275 1157 2326 istius
1180 2275 1250 2325 rei
1276 2273 1473 2342 scriptis
1500 2269 1832 2322 commenda-

549 2380 644 2418 ret.
673 2366 1002 2417 Postmodum
1032 2367 1084 2415 in
1113 2367 1250 2416 illius
1277 2363 1622 2415 contubernio
1641 2376 1795 2428 agens
1815 2394 1830 2418 ,

552 2461 689 2528 quod
735 2458 862 2509 mihi
908 2476 1026 2508 cum
1074 2476 1134 2508 eo
1187 2458 1425 2526 Friburgi
1469 2454 1714 2523 Brisgoiae
1773 2449 1835 2500 ad

554 2553 781 2621 quinque
808 2547 1003 2602 menses
1031 2547 1128 2598 fuit
1149 2585 1161 2605 ,
1202 2547 1418 2616 praesens
1441 2565 1562 2597 cum
1591 2540 1834 2614 praesente

560 2644 713 2695 verba
738 2641 881 2710 super
905 2638 1087 2690 eodem
1114 2636 1321 2705 negotio
1357 2635 1480 2686 feci.
1524 2631 1728 2698 Qibus
1754 2643 1834 2676 re·

1739 2717 1835 2766 bus
