1965 3256
570 215 676 271 216
964 231 1248 269 DAM1AN1
1279 233 1317 268 A
1351 233 1501 271 eoEs

533 376 571 399 ‚,
598 353 819 408 gnorum
846 354 1120 405 regnorum
1163 339 1212 389 &
1238 340 1493 391 ditionum
1518 377 1531 399 ‚
1587 341 1636 392 &
1657 353 1814 394 terra·

535 471 572 494 ‚,
601 449 714 482 rum
738 469 752 491 ‚
776 430 888 481 Rex
911 431 970 480 de
993 430 1109 481 Xoa
1131 469 1146 490 ,
1191 432 1252 483 de
1281 431 1482 484 Caffate
1509 470 1524 493 ‚
1576 433 1636 483 de
1668 433 1814 485 Fati-

534 563 572 585 „
602 525 742 594 gari,
795 523 855 573 de
899 522 1138 592 Angote‚
1189 524 1250 575 de
1294 523 1425 576 Baru
1458 564 1470 585 ,
1511 525 1570 575 de
1611 526 1818 579 Baalin-

537 661 572 681 ‚,
601 640 765 691 ganze
792 659 805 680 ,
832 621 892 669 de
916 619 1058 672 Adea
1087 659 1101 681 ,
1124 622 1184 673 de
1204 622 1437 694 Vangue,
1459 622 1520 674 de
1546 623 1773 675 Goiame
1801 663 1815 685 ,

536 749 572 770 ,‚
595 714 678 764 vbi
708 713 866 766 Nilus
893 718 1055 767 oritur
1077 754 1089 773 ‚
1139 717 1200 766 de
1229 715 1487 768 Damaraa
1515 754 1528 775 ‚
1558 717 1617 768 de
1647 716 1821 783 Vage-

537 844 573 867 „
596 807 756 859 medri
784 846 796 867 ,
839 810 899 860 de
933 809 1199 871 Ambeaa,
1240 811 1302 861 de
1349 809 1529 880 Vagne
1552 850 1566 870 ,
1607 811 1668 861 de
1709 808 1816 860 Ti-

539 936 576 957 „
607 899 684 968 gri
715 898 917 952 Mahon
943 939 957 960 ,
998 903 1058 952 de
1086 902 1302 970 Sabaym
1329 939 1342 959 ,
1370 903 1504 952 unde
1531 901 1629 952 fuit
1649 898 1824 968 regina

537 1026 575 1047 „
606 988 733 1039 Saba
757 1027 770 1048 ‚
825 992 886 1040 de
934 990 1216 1060 Barnagaes
1239 1028 1254 1049 ,
1291 992 1340 1042 &
1386 992 1646 1041 Dominus
1672 988 1825 1056 Vsque

536 1120 576 1142 „
605 1083 665 1132 ad
690 1081 925 1131 Nobiam
953 1081 1110 1131 finem
1138 1080 1377 1150 AEgypti.
1422 1082 1521 1132 Hae
1549 1081 1825 1149 provincia:

540 1209 579 1232 ‚,
606 1190 785 1223 omnes
806 1173 857 1221 in
886 1190 999 1223 mea
1024 1172 1264 1242 potestate
1293 1172 1407 1224 sunt
1433 1210 1447 1232 ,
1494 1174 1544 1224 &
1569 1173 1826 1242 pleraeque

536 1302 578 1326 ‚,
607 1264 718 1315 aliae
771 1281 971 1334 magnae
1005 1301 1019 1323 ‚
1058 1265 1106 1315 &
1129 1264 1252 1315 item
1274 1280 1442 1335 paruae
1467 1302 1479 1324 ‚
1533 1283 1646 1333 quae
1688 1280 1824 1314 nunc

505 1368 516 1370 ⁴
537 1393 576 1416 „
601 1373 628 1405 a
647 1373 729 1405 me
774 1373 1096 1424 nequaquam
1125 1369 1478 1406 numerantur.
1528 1355 1719 1423 Neque
1747 1372 1826 1404 re-

536 1483 575 1506 „
604 1464 722 1516 gna,
752 1446 802 1498 &
826 1447 1120 1515 prouincias
1145 1446 1244 1498 suis
1271 1446 1568 1498 nominibus
1593 1445 1821 1516 expreffi,

537 1573 578 1598 „
605 1538 762 1591 veluti
792 1539 1021 1611 superbia
1043 1578 1057 1600 ‚
1105 1539 1154 1590 &
1197 1558 1325 1591 vana
1359 1539 1521 1609 gloria
1550 1539 1788 1590 induetus
1809 1575 1823 1598 ,

539 1667 577 1689 ‚,
599 1649 775 1682 verum
795 1634 859 1683 ob
879 1632 948 1692 id,
968 1646 1019 1683 vt
1037 1631 1278 1682 Summus
1302 1631 1445 1682 Deus
1460 1632 1623 1701 magis
1645 1649 1701 1680 ac
1718 1649 1828 1681 ma-

548 1758 585 1780 „
616 1722 692 1791 gis
741 1724 1027 1774 laudaretur
1051 1760 1065 1784 ,
1118 1723 1205 1791 qui
1233 1722 1470 1791 singulari
1516 1721 1830 1791 benignitate

543 1855 581 1878 „
611 1831 685 1868 tot
728 1820 1155 1888 amplissimorum
1200 1835 1477 1887 regnorum
1525 1814 1830 1868 Christianae

548 1909 880 1978 „religionis
930 1911 1276 1979 superioribus
1319 1909 1448 1960 meis
1478 1909 1681 1977 regibus
1722 1907 1826 1958 im-

541 2042 579 2064 ,,
608 2005 747 2071 peria
775 2005 1022 2055 tribuisset
1045 2044 1058 2065 ,
1098 2005 1181 2056 sed
1221 2003 1454 2075 profe&o
1505 2020 1588 2053 me
1615 2000 1829 2054 clariore

542 2136 579 2158 ‚,
605 2101 765 2168 gratia
791 2101 923 2151 inter
960 2101 1087 2152 aiios
1141 2100 1309 2170 Reges
1335 2100 1549 2168 dignum
1571 2095 1692 2145 feeit
1715 2133 1729 2154 ,
1773 2110 1827 2148 vt

542 2193 871 2263 „Religioni
918 2195 1163 2244 continue
1203 2193 1548 2244 inseruirem:
1589 2185 1836 2256 quoniam

545 2323 582 2346 ,‚
614 2305 693 2335 me
718 2288 846 2338 Adel
877 2289 1170 2340 Dominum
1194 2289 1373 2340 fecerit
1396 2326 1410 2348 ,
1451 2283 1644 2336 hostem
1673 2279 1834 2331 Mau-

548 2421 583 2442 s,
613 2400 786 2431 rorum
817 2420 829 2440 ‚
858 2385 904 2433 ἃ
930 2385 1226 2435 Gentilium
1259 2424 1271 2444 ‚
1317 2383 1405 2453 qui
1435 2383 1645 2433 adorant
1666 2377 1828 2428 idola.

549 2512 585 2533 „
618 2473 785 2524 Mitto
838 2476 899 2523 ad
927 2476 1293 2526 deoscuiandos
1348 2477 1497 2546 pedes
1544 2467 1834 2523 Sanfiitatis

552 2606 588 2627 „
617 2567 759 2619 vestae
787 2586 929 2618 more
958 2581 1256 2619 caeterorum
1281 2568 1581 2620 Christianae
1600 2561 1834 2617 fideiRe-

546 2680 732 2731 „gum
760 2700 772 2719 ‚
820 2661 1057 2713 Fratrum
1100 2677 1332 2712 meorum
1358 2698 1372 2718 ‚
1435 2662 1620 2731 quibus
1667 2671 1832 2720 neque

1714 2743 1834 2796 reli-
