1931 3239
545 247 552 253 ,
624 207 1045 245 εΡιετοιΑ
1340 193 1442 266 387

183 328 384 367 morem
436 311 610 364 insulae
662 315 788 365 mari
858 331 948 382 per
1010 312 1189 364 fossam
1248 315 1482 365 deriuato

179 405 402 456 abluitur
430 401 447 470 )
479 404 606 454 illud
658 405 866 455 interim
916 420 978 453 ex
1008 421 1069 453 eo
1098 403 1332 472 sequatur
1364 445 1377 465 ,
1426 423 1477 459 vt

176 497 424 548 eiusmodi
451 498 768 567 oppugnatio
803 508 1007 565 propter
1057 495 1341 564 opposltam
1385 518 1477 548 vn-

174 588 329 658 dique
371 603 754 640 tormentorum
798 588 902 636 vim
938 587 1091 656 longe
1125 585 1433 638 difficillima
1463 627 1478 649 ,

173 697 233 730 ac
261 696 388 748 pene
414 680 545 730 vltra
595 682 726 730 vires
777 678 1029 728 humanas
1079 677 1172 727 esse
1222 678 1475 727 videatur.

172 772 465 825 Accedebat
514 774 716 825 &illud
746 772 1140 823 incommodum
1175 809 1187 830 ‚
1241 771 1376 840 quod
1418 791 1476 823 ea

171 869 286 918 vrbs
313 869 550 919 manebat
574 866 661 917 sub
685 867 882 916 ditione
933 863 1095 931 Regis
1147 865 1481 932 potentissimi

171 960 422 1012 citerioris
450 960 612 1011 Indiae
637 998 650 1019 ,
682 959 1076 1009 Nsahumetanae
1111 956 1257 1008 seitae
1299 958 1476 1007 culto-

170 1053 241 1105 ris
274 1091 287 1112 ,
326 1067 479 1120 quem
522 1051 721 1122 Regem
748 1050 1016 1103 Cambaiae
1043 1063 1250 1101 vocant.
1295 1049 1476 1118 Atque

169 1146 214 1197 is
243 1143 394 1193 facile
442 1143 734 1213 intelligens
789 1144 1079 1193 maximum
1125 1142 1175 1191 in
1205 1159 1261 1190 ea
1289 1142 1473 1192 ciuita-

169 1246 219 1283 te
252 1246 578 1284 momentum
601 1232 692 1282 effe
718 1270 730 1290 ,
784 1232 943 1301 ipsam
994 1230 1337 1300 superioribus
1381 1250 1474 1281 an·

173 1325 256 1377 nis
283 1345 373 1395 per
424 1326 832 1378 Rffelichiazium
872 1325 1172 1396 prafefflum
1196 1362 1209 1385 ‚
1233 1341 1482 1394 quantum

167 1414 223 1466 in
261 1418 488 1470 humano
513 1420 725 1472 consilio
750 1458 764 1478 ,
793 1433 879 1470 aut
907 1431 1011 1469 arte
1046 1417 1176 1468 effici
1221 1433 1421 1487 poterat
1457 1457 1471 1480 ,

178 1511 334 1562 muiri
365 1511 581 1563 iufferat.
621 1512 703 1564 Ita
728 1514 844 1563 vrbs
878 1525 1058 1564 natura
1093 1547 1105 1569 ,
1129 1510 1323 1580 fituque
1346 1514 1475 1565 vaii-

164 1601 226 1651 da
256 1640 269 1660 ,
311 1619 463 1670 opera
497 1603 770 1655 hominum
803 1642 816 1664 ‚
861 1602 1207 1674 praesidiisque
1257 1607 1464 1675 largiter

164 1697 525 1747 accedentibus
547 1735 560 1755 ‚
625 1697 1064 1767 inexpugnabilis
1085 1700 1279 1750 reddita
1330 1717 1458 1755 erat.

166 1786 221 1838 Is
250 1801 420 1838 autem
448 1789 563 1840 Rex
592 1787 859 1840 Cambaiae
891 1827 904 1849 ,
948 1803 1001 1841 vt
1044 1791 1105 1840 de
1154 1792 1263 1841 eius
1308 1812 1469 1863 prope

163 1880 555 1933 incredibilibus
582 1882 780 1933 diuitiis
809 1897 1002 1933 taceam
1031 1921 1044 1942 ,
1074 1883 1225 1935 facile
1253 1900 1463 1939 centurn

163 1975 306 2025 mille
326 1977 559 2046 equitum
583 1992 797 2036 armare,
823 1978 1056 2045 peditum
1098 1997 1216 2029 vero
1235 1992 1463 2034 trecenta

162 2069 330 2120 millia
359 2108 372 2129 ,
403 2069 765 2139 sexcentosque
803 2071 1100 2141 elephantos
1135 2073 1461 2141 ,glandium-

163 2178 263 2230 que
290 2161 566 2231 ignitarum
617 2163 958 2214 iaculatorum
1009 2182 1115 2214 non
1144 2167 1462 2219 mediocrem

162 2260 436 2308 humerum
465 2256 519 2306 in
547 2257 712 2307 aciem
740 2257 956 2307 educere
1000 2257 1160 2325 potest
1185 2279 1195 2308 :
1249 2261 1310 2310 ad
1350 2261 1459 2312 haec

167 2357 427 2399 tormenta
453 2364 613 2405 aenea,
643 2348 814 2397 omnis
838 2349 1038 2417 generis
1059 2349 1290 2402 curribus
1318 2366 1461 2422 apta-

161 2451 211 2490 ta
245 2477 260 2498 ,
305 2457 408 2491 non
458 2441 630 2493 minus
680 2443 868 2502 habet,
910 2461 1065 2512 quam
1111 2443 1450 2516 septingenta.

157 2529 284 2603 Qio
311 2550 552 2603 apparatu
580 2538 718 2589 idem
747 2539 921 2608 paucis
947 2542 1009 2590 ab
1051 2539 1171 2590 hinc
1200 2541 1347 2592 annis
1394 2544 1456 2594 fi-

160 2626 350 2678 nitimo
370 2625 532 2698 Regi,
558 2627 906 2684 defectionem
931 2630 1203 2684 meditanti
1225 2667 1238 2688 ,
1263 2630 1457 2687 bellum

1274 2736 1417 2772 mtu-
