1931 3239
382 241 721 281 OLISIPONIS
770 243 1135 280 DESCRIPTIO
1352 250 1414 305 13

201 348 438 422 potuisse,
479 348 779 419 insuperque
815 367 935 401 cum
965 348 1218 401 Lusitanis
1245 350 1454 401 consues-

197 448 425 505 tudinem
473 459 526 497 vt
573 447 812 498 haberent
863 446 1073 498 effecisse
1117 482 1133 507 ,
1184 445 1457 499 fabulosius

195 537 308 594 sane
325 537 453 588 mihi
479 537 575 588 erit
601 575 613 594 ,
640 539 911 589 barbarum
939 539 1297 606 incultumque
1323 537 1458 590 Tri-

193 640 370 685 tonem
422 631 476 680 in
527 628 704 680 Africa
735 668 749 691 ,
811 632 865 682 in
910 633 1090 701 palude
1131 630 1411 683 Tritonide
1441 661 1458 690 2

195 721 503 791 profiluiffe,
539 740 595 773 ac
621 740 739 774 cum
780 724 979 778 Graecis
1021 723 1328 793 garrientem
1355 763 1367 784 ,
1397 725 1460 776 ab

198 809 379 866 Iasone
409 813 663 882 tripodem
693 846 707 871 ·,
753 832 907 884 quam
960 814 1193 885 Delphos
1235 816 1461 884 asporta-

197 912 321 971 bat,
369 911 440 963 vti
482 912 703 982 Syrtium
745 912 984 981 periculis
1026 911 1113 963 suo
1163 912 1320 964 duetu
1340 932 1464 965 ena-a

199 1000 339 1055 deret
365 1038 380 1064 ,
422 1003 511 1056 fibi
541 1007 646 1058 dari
673 1004 964 1076 poposcisse.

304 1095 576 1150 NOSTRIS
612 1118 730 1151 vero
757 1100 1072 1169 temporibus
1097 1137 1111 1158 ,
1164 1113 1217 1150 vt
1242 1100 1462 1153 efficaci-

203 1205 263 1240 us
285 1189 630 1243 testimonium
664 1193 717 1242 in
768 1194 966 1243 medius
1005 1192 1211 1243 afferam
1242 1232 1257 1252 ,
1298 1195 1463 1263 pisca-22

204 1293 284 1332 tor
320 1283 560 1352 quidam,
597 1285 721 1334 dum
773 1283 902 1334 inter
957 1283 1189 1352 scopulos
1234 1284 1464 1336 Barbarii

201 1379 540 1444 promontorii
606 1374 692 1429 filo
735 1414 749 1436 ,
806 1377 1059 1446 hamoque
1116 1379 1255 1429 iuxta
1308 1379 1464 1431 Diuae

204 1466 438 1540 Virginis
469 1468 707 1521 sacellum
776 1469 933 1537 pisces
960 1487 1138 1537 capere
1176 1471 1465 1521 contendisa·

205 1558 278 1609 set
319 1595 332 1618 ‚
381 1570 584 1628 repente
647 1577 711 1610 ex
763 1559 906 1608 vndis
947 1558 999 1608 in
1044 1558 1308 1627 scopulum
1356 1578 1465 1610 mas

204 1649 404 1703 Triton
463 1651 664 1702 exiliuit
694 1689 708 1710 ‚
754 1652 907 1702 barba
944 1648 1142 1721 prolixa
1175 1690 1189 1713 ,
1238 1654 1467 1706 crinibus

202 1744 478 1817 oblongis,
525 1743 731 1812 Ρεὲὶοῐε
775 1742 1013 1814 hispido,
1062 1743 1193 1795 facie
1232 1763 1335 1796 non
1379 1746 1470 1796 ad-

206 1839 416 1887 modum
439 1835 658 1887 deformi
693 1875 707 1897 ,
754 1835 1080 1906 absolutaque
1107 1836 1334 1888 hominis
1361 1838 1469 1889 for-

210 1942 315 1976 ma.
357 1925 466 1994 Qi
492 1944 610 1978 cum
638 1929 902 1997 paululum
948 1931 1199 1997 apricatus
1224 1929 1338 1979 esset
1361 1966 1376 1988 ‚
1419 1931 1470 1980 δὲ

208 2014 475 2070 hominem
501 2041 528 2072 a
553 2035 695 2091 tergo
725 2059 738 2080 ,
780 2023 931 2090 ipsius
976 2021 1195 2073 formam
1233 2038 1468 2073 contem-

208 2115 470 2185 plantem,
534 2114 859 2185 inspexiffet,
908 2134 1031 2167 voce
1089 2136 1193 2168 non
1245 2116 1470 2168 dissimili

207 2208 407 2277 prolata
430 2247 444 2267 ,
495 2209 693 2260 territus
718 2208 984 2260 confestim
1015 2211 1067 2261 in
1089 2209 1247 2262 salum
1276 2210 1323 2261 se
1351 2209 1471 2261 sub-

211 2299 403 2350 mersit.
447 2296 574 2351 Haec
601 2299 816 2370 piscator
845 2301 905 2351 de
930 2299 1155 2353 Tritone
1181 2340 1195 2362 ,
1228 2302 1329 2353 siue
1374 2303 1472 2353 ho-

208 2391 354 2447 mine
393 2397 588 2449 marino
613 2434 626 2458 ,
677 2399 874 2468 cupidis
922 2400 1159 2452 audiendi
1193 2439 1206 2461 ,
1259 2417 1470 2472 compto

210 2483 391 2541 ordine
416 2508 473 2542 ac
500 2489 725 2544 sermone
755 2532 769 2553 ,
809 2493 1051 2546 hodierna
1076 2494 1158 2545 die
1175 2509 1393 2548 enarrat.

346 2584 589 2638 DmNnE
643 2588 816 2656 paucis
860 2592 921 2642 ab
969 2591 1087 2643 hinc
1129 2593 1275 2644 annis
1308 2632 1321 2653 ,
1366 2612 1469 2643 non

208 2676 404 2747 ‘procul
425 2697 454 2730 a
480 2678 641 2733 Lunae
661 2683 1020 2752 promontorio
1045 2721 1059 2745 ‚
1082 2697 1136 2738 vt
1160 2686 1309 2738 nobis
1335 2696 1471 2736 retua

853 2773 973 2831 Ca
1378 2773 1441 2828 lit
