1965 3256
539 227 646 282 254
861 232 1144 275 DAMIANI
1175 238 1213 275 A
1241 240 1391 278 σοις,

501 332 706 383 testatur
752 333 1092 390 CHRISTVM
1138 346 1424 416 principem
1452 346 1591 401 fuiffe
1626 350 1791 406 sacer-

454 479 456 481 ,
500 422 678 474 dotum
707 464 720 485 ‚
771 446 827 478 ac
877 430 929 480 in
974 450 1166 484 novum
1215 440 1491 492 tentorium
1546 444 1742 497 intraffe
1772 484 1787 508 ,

499 517 638 582 quod
664 519 730 568 est
759 518 1001 573 Santffiim
1047 525 1350 582 Sannorum
1385 571 1397 590 ,
1449 535 1500 585 ἃ
1543 535 1790 592 sacrificio

499 608 574 660 sui
606 607 853 680 Corporis
882 653 895 674 ,
933 618 981 666 δε
1009 616 1279 688 Sanguinis
1311 661 1323 682 ‚
1357 623 1652 695 sanguinem
1681 631 1789 682 hir-

498 718 677 751 cornm
697 740 712 762 ‚
734 722 790 753 ac
819 720 1078 758 taurorum
1096 748 1109 767 ‚
1129 730 1230 779 quo
1255 733 1407 765 nemo
1434 719 1787 771 accedentium

493 807 690 862 poterat
734 799 989 852 iustificari
1022 841 1036 861 ‚
1063 805 1329 857 aboleuisse
1364 847 1378 866 ,
1425 810 1475 860 &
1511 810 1576 862 fic
1610 814 1789 865 multis

493 891 664 940 modis
691 892 891 944 locutus
913 895 978 944 est
1009 895 1217 957 Iudaeis,
1246 902 1424 952 multis
1451 923 1653 975 qnoque
1673 908 1788 959 riti-

496 977 590 1027 bus
623 1017 637 1038 ,
664 979 833 1032 sanciia
876 985 925 1033 &
951 985 1245 1052 incorrupta
1271 989 1367 1039 fide
1418 993 1466 1042 se
1484 1013 1514 1044 a
1539 994 1642 1047 suis
1684 1002 1789 1053 coli

493 1071 703 1137 patitur.
749 1070 996 1123 Praeterea
1045 1078 1177 1142 apud
1221 1095 1314 1129 nos
1340 1080 1590 1134 habentur
1634 1086 1788 1137 semi-

491 1158 748 1210 christiani
776 1162 919 1229 pueri
970 1162 1045 1213 illi
1076 1202 1090 1223 ‚
1119 1185 1246 1234 quos
1273 1169 1356 1221 hic
1384 1174 1536 1225 audio
1561 1194 1786 1247 paganos

502 1249 566 1298 ab
585 1247 821 1300 Romana
849 1250 1071 1304 Ecclefia
1098 1258 1289 1311 vocari.
1327 1260 1434 1330 Qi
1454 1268 1700 1332 quoniam
1721 1268 1786 1320 fi-

490 1357 554 1390 ne
582 1341 833 1410 baptismo
872 1345 1160 1398 moriuntur
1189 1387 1202 1409 ,
1249 1349 1633 1410 semichristiani
1686 1360 1777 1412 de-

490 1433 611 1483 bent
638 1435 881 1502 appellari
911 1476 925 1497 ,
954 1441 1195 1507 quoniam
1224 1444 1319 1495 filii
1344 1445 1525 1500 sacrati
1575 1451 1780 1523 sangui-

488 1527 570 1577 nis
617 1542 884 1596 parentum
935 1552 998 1584 ex
1034 1536 1289 1603 baptismo
1315 1576 1330 1598 ‚
1381 1543 1430 1593 &
1469 1560 1534 1593 ex
1589 1543 1782 1614 Spiritu

489 1619 678 1669 Sanc'm
709 1659 722 1679 ‚
750 1623 800 1672 &
826 1643 887 1675 ex
913 1625 1165 1696 Sanguine
1195 1628 1415 1682 Domini
1449 1633 1600 1685 nostri
1631 1636 1776 1688 IESV

491 1707 756 1763 CHRISTI
790 1716 891 1764 nati
945 1715 1058 1768 sunt
1087 1755 1101 1776 ,
1154 1738 1216 1769 ex
1243 1722 1427 1788 quibus
1454 1724 1615 1775 tribus
1642 1727 1780 1779 testi-

485 1805 676 1855 moniis
705 1825 882 1858 omnes
923 1811 1176 1863 christiani
1204 1829 1521 1883 reputantur.
1567 1818 1778 1888 Quoni-

485 1909 568 1942 am
598 1907 695 1947 tres
722 1898 834 1952 sunt
863 1939 877 1961 ,
907 1903 993 1969 qui
1020 1903 1366 1956 testimonium
1393 1908 1513 1960 dant
1538 1910 1590 1961 in
1617 1925 1780 1975 terra,

487 1980 705 2052 Spiritus
734 2026 748 2048 ,
796 1988 952 2059 Aqua
981 2029 993 2049 ,
1022 1994 1071 2044 &
1097 1992 1311 2065 Sanguis
1343 2034 1356 2056 ,
1406 1997 1524 2049 teste
1572 2000 1770 2054 Ioanne

483 2069 539 2119 in
565 2072 647 2125 sua
673 2079 839 2145 prima
878 2083 1125 2133 canonica
1159 2122 1173 2144 ,
1213 2075 1368 2137 etiam
1418 2100 1471 2138 vt
1499 2086 1776 2159 Euangeli-

482 2179 570 2212 um
622 2167 787 2223 dicit:
835 2173 974 2223 Bona
1016 2173 1165 2224 arbor
1190 2176 1306 2245 fert
1355 2174 1490 2227 bonos
1523 2177 1723 2245 fruc‘Jus
1761 2216 1777 2239 ,

484 2259 613 2305 mala
653 2279 767 2311 vero
793 2264 941 2315 arbor
968 2305 982 2325 ,
1035 2269 1198 2319 malos.
1247 2267 1470 2337 Ideoque
1496 2269 1589 2320 filii
1618 2269 1776 2323 Chri-

480 2345 754 2398 stianorum
783 2370 884 2402 non
936 2354 1048 2405 sunt
1077 2393 1091 2414 ,
1134 2369 1184 2407 vt
1211 2356 1303 2408 filii
1355 2355 1648 2408 Gentilium
1678 2396 1692 2417 ‚
1724 2360 1776 2413 &

483 2435 778 2487 Iudaeorum
811 2477 823 2496 ,
857 2454 1007 2508 atque
1035 2443 1344 2495 Ivsaurorum
1376 2485 1387 2505 ‚
1415 2449 1501 2516 qui
1544 2447 1656 2498 sunt
1692 2446 1774 2497 ar-

479 2527 627 2578 bores
654 2530 802 2580 aridae
832 2531 930 2581 sine
959 2533 1131 2600 aliquo
1159 2535 1349 2585 frudi'tu.
1381 2535 1653 2589 Christiani
1682 2555 1773 2587 au·

482 2630 588 2673 tem
639 2621 751 2673 sunt
779 2623 927 2676 eleni
958 2626 1010 2679 in
1060 2639 1199 2678 vtero
1250 2642 1474 2680 matrum
1518 2628 1721 2680 suarum
1751 2661 1768 2688 ,

1673 2727 1727 2769 Vt
