1931 3239
270 218 505 261 DIENSIS
551 213 730 254 VRBIS
762 213 1157 254 OPPVGNATIO
1235 220 1336 273 117

113 325 331 398 politum
368 322 522 392 Cayri
547 361 561 382 ,
613 322 824 374 nomine
867 320 1188 372 Solimanum
1213 360 1226 381 ,
1255 324 1392 392 peri-

114 420 354 471 tiflimum
381 416 635 467 exercitus
657 416 864 464 ducem.
909 413 1042 482 Qyae
1070 427 1241 463 autem
1261 412 1391 463 clas'-

111 509 174 559 fis
220 508 480 578 sexaginta
536 509 700 558 tribus
746 507 1040 559 triremibus
1088 508 1342 559 constabat
1372 545 1388 568 ‚

109 599 166 649 in
217 600 523 670 singulisque
567 599 863 650 triremibus
910 599 1093 667 viginti
1137 599 1222 650 sex
1250 615 1392 650 tran-

109 693 232 746 stra:
259 695 390 745 inter
417 695 636 763 reliquas
658 712 810 745 naues
843 694 1051 744 aderant
1072 693 1157 744 sex
1180 691 1387 744 Rostra-

110 799 194 846 τε,
221 807 344 856 quas
367 788 646 840 Galleones
671 801 875 839 vocant.
920 788 1150 839 Aderant
1179 806 1386 857 quoque

111 879 197 931 sex
251 883 499 941 biremes,
527 883 764 933 holcades
809 883 924 932 duae
957 921 968 939 ,
1018 881 1257 931 actuariae
1307 884 1386 932 vi-

110 973 284 1042 giuti,
336 974 534 1024 celoces
568 974 981 1044 quamplurimae.
1029 970 1208 1022 Claffis
1252 991 1385 1040 prae-

112 1080 248 1118 terea
316 1065 553 1116 instru&a
603 1067 787 1136 viginti
847 1065 1079 1115 millibus
1165 1066 1396 1115 militum

113 1152 217 1204 fuit
237 1193 250 1214 ,
283 1172 463 1224 praetes
495 1171 670 1208 nautas
696 1195 708 1215 ,
748 1159 796 1207 ὃς
825 1157 1233 1215 bombardarios,
1264 1175 1396 1224 quo-

112 1265 229 1299 rum
249 1263 462 1316 quatuor
482 1249 648 1300 millia
666 1247 1042 1300 Genicerorum
1060 1288 1072 1308 ,
1087 1268 1214 1317 quos
1244 1250 1393 1301 Rho-

113 1358 274 1392 maeos
298 1344 454 1394 etiam
481 1344 822 1412 appellamUS‚
879 1358 1041 1394 erant.
1088 1344 1301 1413 Insuper
1320 1363 1400 1395 ar-

115 1440 356 1488 mabatur
398 1439 554 1489 claffis
601 1438 832 1488 maximo
881 1451 1259 1488 tormentorum
1283 1455 1384 1488 nu-

113 1541 259 1574 mero
300 1562 314 1583 ‚
354 1527 487 1576 inter
525 1546 635 1595 quae
672 1540 813 1578 erant
860 1528 1192 1596 quadraginta
1215 1566 1228 1586 ,
1254 1546 1384 1596 quos

118 1615 373 1668 basiliscos
427 1619 685 1688 appellant
723 1657 737 1678 ‚
780 1619 866 1686 qui
917 1620 1130 1688 globum
1160 1620 1386 1670 ferreum

117 1709 369 1760 emittunt
403 1712 690 1780 nonaginta
717 1712 986 1763 librarum.

176 1803 409 1854 SOLVIT
432 1805 604 1873 itaque
624 1807 731 1856 haec
761 1807 942 1876 ingens
977 1845 989 1865 ,
1013 1807 1063 1857 &
1089 1808 1150 1857 ad
1172 1828 1388 1863 omnem

116 1897 483 1949 naumachiam
542 1910 719 1947 ornata
763 1899 919 1948 claffis
971 1897 1194 1956 SueziO,
1227 1902 1396 1953 versus

117 1988 327 2041 Indiam
383 1989 472 2040 sub
550 1988 708 2039 finem
767 1988 906 2041 Iunii
965 1990 1083 2040 anni
1136 1993 1394 2046 millesimi

112 2083 505 2152 quingentesimi
553 2081 796 2150 trigesimi
847 2082 1016 2132 ociaui
1046 2119 1059 2141 ,
1109 2085 1158 2134 δε
1209 2085 1253 2134 vi
1310 2086 1391 2135 in-

115 2178 357 2246 terceptis
397 2177 591 2246 aliquot
617 2191 959 2227 mercatorum
990 2178 1207 2227 nauibus
1237 2217 1249 2237 ,
1276 2180 1393 2246 qui-

115 2265 213 2314 bus
251 2277 546 2315 commeatu
577 2263 796 2313 oneratis
825 2301 839 2321 ,
871 2277 1021 2331 atque
1049 2280 1112 2312 ex
1156 2263 1229 2313 eis
1256 2283 1392 2313 non·

116 2355 273 2406 nullis
312 2355 479 2406 nautis
517 2355 578 2404 ad
630 2354 905 2422 remigium
941 2354 1138 2404 εᾶοᾶἰς
1167 2356 1183 2424 (
1211 2369 1386 2423 tyran-

114 2450 238 2499 nide
299 2451 593 2502 triremibus
656 2449 910 2499 damnatis
939 2445 955 2513 )
1023 2448 1205 2516 quinto
1254 2448 1380 2499 Iulii

118 2540 356 2593 Adenam
384 2543 668 2602 contendit,
690 2561 800 2611 quae
828 2542 1011 2592 ciuitas
1037 2541 1229 2591 adiacet
1255 2538 1391 2590 freto

120 2631 255 2689 finus
277 2633 489 2690 Arabici
517 2672 533 2695 ‚
566 2637 615 2688 &
661 2634 863 2685 decimo
916 2633 1099 2703 quinto
1132 2629 1357 2685 eiusdem

1227 2739 1377 2772 men-
