1965 3256
577 233 685 293 ³132
941 239 1228 281 DAM1AN1
1290 241 1330 282 A
1379 243 1522 285 Gom

528 343 757 398 limentis
796 345 930 414 ignis
957 355 1219 406 tradebant
1247 394 1262 415 ,
1316 374 1375 407 ea
1417 375 1570 426 opera
1612 357 1802 427 eripie-

529 440 671 490 bant.
715 438 976 496 Antonius
1025 446 1152 497 Dux
1195 462 1371 499 contra
1395 450 1520 501 alios
1547 451 1800 522 harpago->

530 543 621 576 nes
646 531 904 598 excogitat
933 570 945 592 ,
969 534 1269 605 longiffimis
1298 538 1555 592 hastilibus
1582 543 1760 594 affixos
1781 577 1801 601 r

521 623 708 689 quibus
734 624 1028 680 Turcarum
1057 632 1370 703 harpagones
1425 634 1530 703 pari
1559 636 1799 689 industria

525 716 880 783 apprehendit.
925 723 1116 774 Turcae
1147 727 1301 798 igitur
1327 728 1552 778 videntes
1602 728 1649 779 se
1671 726 1805 778 nihil

530 813 778 881 proficere
798 853 814 874 ,
855 819 918 868 ab
961 819 1059 868 hoc
1085 808 1482 888 oppugnationis
1507 839 1689 890 genere
1714 821 1803 869 de-

526 905 717 958 sistunt.
753 908 917 960 Nulla
960 910 1058 961 fuit
1101 913 1207 962 dies
1234 912 1341 981 post
1366 913 1518 963 turris
1558 911 1756 981 lapsum
1790 947 1805 970 ‚

528 1001 657 1070 quin
706 1020 770 1052 ex
796 1003 977 1055 nostris
1018 1007 1244 1074 quinque
1293 1005 1442 1056 sexue
1482 1006 1801 1067 ceciderint,

523 1108 710 1162 praeter
727 1097 1016 1146 vulneratos
1048 1136 1060 1157 ,
1083 1099 1131 1147 &
1159 1099 1220 1146 ab
1248 1098 1363 1166 igne
1390 1096 1554 1148 laesOS.
1600 1098 1681 1148 Ex
1707 1101 1803 1150 ho-

526 1190 688 1241 stibus
715 1190 732 1257 (
757 1200 810 1237 vt
837 1189 1002 1257 postea
1053 1203 1376 1258 compertum
1402 1189 1470 1240 est
1496 1186 1513 1255 )
1558 1189 1705 1261 supra
1731 1205 1808 1243 ter

529 1281 677 1333 mille
703 1278 963 1330 desiderati
1003 1280 1116 1331 sunt
1136 1319 1149 1340 ,
1193 1280 1440 1331 vulnerati
1471 1318 1484 1339 ,
1522 1281 1570 1332 &
1599 1282 1660 1331 ab
1682 1282 1801 1351 igne

522 1373 743 1425 ambusti
765 1373 1155 1443 quamplurimi.
1199 1374 1426 1425 Decimo
1452 1373 1603 1423 tertio
1635 1387 1804 1424 autem

527 1467 730 1518 calend.
771 1466 1095 1518 Nouembris
1139 1478 1255 1516 ante
1280 1479 1450 1515 ortum
1479 1463 1611 1514 Solis
1642 1501 1655 1522 ,
1688 1480 1807 1513 ecce

531 1561 873 1631 speculatores
900 1559 1051 1610 nostri
1093 1560 1287 1627 aliquot
1313 1576 1523 1627 magnas
1549 1556 1758 1624 scaphas
1789 1595 1804 1616 ,

534 1672 660 1724 quas
681 1652 897 1702 barchas
942 1652 1200 1721 appeliant
1221 1689 1234 1710 ,
1264 1668 1374 1718 quae
1401 1649 1556 1699 remis
1586 1650 1805 1717 ageban-

526 1760 611 1798 tur
639 1783 654 1805 ,
684 1726 800 1796 ante
841 1762 1013 1794 muros
1038 1745 1190 1794 turris
1227 1742 1404 1793 nostrae
1435 1779 1449 1799 ,
1499 1760 1610 1809 quae
1652 1742 1807 1810 quin-

528 1837 776 1907 quaginta
827 1836 1082 1887 militibus
1144 1836 1478 1886 afferuabatur
1511 1872 1523 1893 ,
1560 1847 1612 1884 vt
1660 1846 1809 1884 antea.

527 1931 759 1981 diximus
779 1966 795 1988 ‚
846 1946 913 1979 ex
953 1929 1083 1979 arcis
1136 1927 1308 1996 pinnis
1357 1926 1768 1976 animaduertunt
1791 1962 1806 1983 ,

526 2036 772 2092 praeterea
812 2020 933 2070 oeto
966 2019 1197 2070 triremes
1234 2057 1248 2078 ,
1301 2037 1415 2087 quae
1444 2035 1599 2069 naues
1629 2033 1808 2067 omnes

527 2114 784 2167 instrud'tae
810 2125 952 2164 erant
988 2113 1153 2164 milite
1189 2149 1203 2170 ,
1233 2109 1472 2180 scalisque
1493 2110 1542 2161 &
1566 2107 1679 2159 aliis
1695 2124 1806 2158 ma-

522 2213 693 2265 chinis
760 2215 824 2263 ad
867 2214 1048 2265 turrim
1101 2210 1498 2281 oppugnandam
1541 2206 1801 2276 appositis.

538 2308 669 2360 Dux
712 2308 843 2357 arcis
883 2306 1144 2358 Antonius
1179 2326 1206 2357 a
1233 2306 1458 2376 Sylueira
1488 2343 1502 2364 ,
1553 2302 1718 2356 subito
1743 2307 1805 2356 ab

529 2399 622 2450 illo
645 2397 801 2446 latere
830 2433 844 2453 ,
884 2399 966 2446 cui
994 2398 1149 2446 turris
1179 2398 1468 2464 proximior
1492 2411 1596 2449 erat
1625 2435 1638 2456 ,
1669 2413 1804 2446 non-

528 2490 672 2544 nulla
699 2505 886 2556 magna
910 2500 1164 2537 tormenta
1186 2489 1314 2539 iussit
1358 2490 1611 2560 deportari
1642 2526 1657 2548 ,
1703 2487 1804 2538 ini-

528 2587 683 2654 bique
746 2583 992 2632 ducentos
1039 2584 1388 2635 arcubutarios
1415 2622 1428 2644 ‚
1476 2599 1527 2636 vt
1577 2592 1800 2639 vocant,

529 2675 797 2747 disposuit.
841 2672 924 2725 Ex
949 2692 1051 2744 quo
1081 2674 1196 2725 loco
1240 2692 1360 2726 cum
1386 2678 1612 2746 primum
1640 2671 1802 2724 hostes

1662 2782 1769 2820 tur-
