1931 3239
366 214 443 253 ΒΞ
475 213 665 251 Euro
697 213 1027 252 cAMBAico
1056 216 1180 256 stc,
1284 199 1397 273 367·

132 336 199 371 ne
239 318 486 371 vulnerati
509 316 647 370 fuere
687 359 700 379 ,
723 319 912 372 mortui
941 337 1144 385 quoque
1169 339 1272 372 non
1295 342 1423 391 pau..

135 415 206 465 ci.
249 413 320 462 At
346 411 537 462 Prorex
571 452 584 470 ,
632 416 720 483 qui
750 413 880 465 Goae
924 411 1174 480 reliquam
1218 417 1423 466 classem

129 505 403 557 instruebat
435 541 448 562 ,
474 521 673 573 tempus
701 505 943 554 idoneum
973 504 1170 561 mestus,
1201 523 1317 554 cum
1347 507 1423 555 se·-

130 594 393 665 ptuaginta
417 596 619 646 circiter
643 596 862 645 nauibus
908 614 935 644 e
958 610 1106 664 portu
1134 595 1283 645 soluit
1311 633 1325 654 ‚
1374 597 1425 646 &

126 689 426 739 difficilimis
448 689 829 758 tempestatibus
851 690 964 740 vsus
984 728 997 748 ,
1031 689 1320 741 Bazainum
1346 704 1423 740 te-

127 779 261 830 nuit.
290 779 414 848 Qo
441 783 492 833 in
519 782 635 832 loco
661 781 943 832 Vniuersam
972 766 1173 832 classem
1204 820 1217 840 ,
1259 800 1371 850 quae
1405 821 1420 843 ‚

125 883 396 923 ventorum
427 872 691 943 asperitate
741 873 960 941 dispersa
986 913 998 932 ,
1029 874 1172 926 simul
1202 876 1423 942 apt—Here

125 977 233 1010 non
259 963 427 1028 potuit
462 1001 477 1022 ,
500 962 768 1030 expediam
796 962 1079 1031 proposuit.
1139 964 1221 1016 lbi
1250 978 1425 1016 autem

131 1071 460 1105 commorans
492 1092 504 1112 ,
556 1073 619 1105 ne
638 1063 844 1123 'tempus
882 1069 1124 1106 tereretur
1150 1095 1162 1116 ,
1212 1057 1428 1110 Emma-

127 1147 335 1198 nuelem
396 1148 665 1199 Limicum
721 1166 840 1197 cum
893 1149 1180 1200 minoribus
1230 1151 1429 1219 aliquot

123 1237 294 1304 longis
331 1238 547 1287 nauibus
569 1239 630 1287 ad
659 1237 972 1287 Surraticum
997 1239 1140 1290 littus
1180 1241 1430 1293 inuaden-

123 1332 250 1382 dum
302 1328 457 1382 mifit.
502 1329 612 1398 Qxi
666 1330 821 1399 strage
861 1331 1082 1382 hostium
1111 1352 1214 1384 non
1245 1337 1428 1406 vulga..

124 1423 170 1474 Ii
196 1460 211 1482 ,
251 1439 374 1471 cum
402 1421 598 1490 ingenti
627 1423 838 1473 nauium
890 1424 1057 1490 praeda
1083 1460 1096 1481 ‚
1138 1425 1427 1478 littoribus..

124 1531 226 1581 que
253 1511 506 1581 populatis
534 1552 549 1572 ,
577 1512 863 1564 Bazainum
892 1515 1181 1565 reuertitur.
1228 1516 1426 1569 Reuer-

123 1604 179 1655 so
206 1604 414 1655 Limico
441 1602 630 1659 Prorex
664 1643 679 1664 ,
724 1606 811 1673 qui
844 1643 857 1663 ,
910 1606 1133 1673 quandiu
1161 1607 1317 1657 claffis
1369 1608 1424 1658 in

124 1697 334 1750 flatione
361 1700 551 1751 littoris
591 1700 756 1751 ventis
802 1700 1017 1751 aduersis
1046 1714 1241 1752 retenta
1280 1701 1378 1753 fuit
1407 1739 1423 1761 ,

122 1808 386 1856 nunquam
413 1793 639 1842 voluerat
668 1791 720 1840 in
749 1805 934 1842 terram
961 1791 1258 1842 descendere
1276 1830 1286 1850 ,
1310 1794 1422 1860 post

124 1880 380 1933 sexdecim
424 1884 531 1933 dies
562 1920 574 1941 ,
631 1901 781 1951 quarn
835 1898 1038 1934 venerat
1067 1883 1356 1934 Bazainum
1401 1923 1417 1945 ,

122 1976 324 2026 ancoris
372 1976 578 2027 sublatis
607 2013 620 2035 ‚
667 1976 832 2027 Dium
883 1976 1054 2028 versus
1106 1977 1371 2046 nauigauit
1400 2013 1416 2035 ‚

124 2071 357 2138 interque
387 2069 733 2139 nauigandum
765 2108 778 2130 ,
818 2071 1001 2120 iterum
1033 2070 1426 2124 Emmanueiem

121 2163 295 2230 ipsum
336 2163 603 2214 Limicum
650 2166 712 2215 ad
757 2165 917 2216 smum
962 2164 1305 2218 Cambaicum
1333 2187 1426 2218 ex-

122 2255 428 2324 plorandum
456 2257 844 2325 vexandumque
871 2257 1131 2325 praemisit.
1178 2258 1285 2326 Qii
1314 2260 1413 2309 ali-

122 2358 248 2413 quot
283 2345 502 2396 hostiurn
534 2349 749 2399 nauibus
784 2348 1051 2399 submersis
1081 2387 1094 2406 ‚
1141 2351 1286 2419 pagis
1336 2365 1415 2401 at-

121 2433 368 2502 tegiisque
396 2437 608 2488 incensis
636 2476 650 2497 ‚
680 2438 883 2507 insuper
926 2442 1060 2492 caede
1105 2459 1209 2492 non
1258 2443 1422 2493 mini-

123 2543 209 2582 ma
233 2530 632 2596 quaquauersum
667 2532 801 2581 edita
830 2571 845 2592 ,
881 2531 1209 2584 Eranmaluci
1238 2547 1418 2587 tamen

121 2615 251 2674 bene
276 2618 337 2668 de
362 2618 528 2671 nostra
552 2621 782 2673 amicitia
822 2623 994 2674 meriti
1024 2624 1312 2673 ditionibus
1341 2622 1421 2672 in-

1300 2730 1378 2766 ta-
