1965 3256
520 226 622 282 172
930 225 1215 260 DAMIANI
1270 225 1308 258 A
1352 224 1500 260 GOES

478 329 647 384 Rabbi
715 327 976 381 Abraham
1026 330 1165 382 socio
1224 329 1425 399 repetit.
1474 327 1750 400 Iosephum

480 440 598 475 vero
624 441 743 474 cum
776 424 958 475 litteris
989 463 1002 484 ‚
1032 426 1213 494 quibus
1241 424 1421 475 itinera
1448 423 1531 475 sua
1558 463 1572 484 ,
1614 426 1755 476 aeta-

482 536 581 586 que
609 516 922 587 fignificabat
954 555 966 576 ,
1005 518 1066 567 ad
1093 518 1288 586 Regem
1317 517 1530 568 remittit
1561 539 1571 569 :
1627 520 1756 569 vnde

478 614 699 681 quadarn
728 614 845 663 naui
873 612 1138 663 conscensa
1161 651 1173 671 ,
1202 614 1253 663 in
1278 611 1626 664 Oromuziam
1663 633 1753 665 na-

478 707 693 776 uigauit.
748 705 812 756 In
835 724 937 774 quo
978 706 1093 756 loco
1128 706 1390 759 Abraham
1421 704 1597 756 Iudaeo
1638 708 1757 757 reli-.

479 797 565 848 &to
605 834 617 855 ‚
637 796 720 846 cui
746 795 938 845 litteras
967 812 1168 862 quoque
1200 795 1261 844 ad
1281 794 1479 862 Regem
1495 794 1702 844 tradidit
1734 829 1748 851 ,

479 888 731 940 Mecham
766 887 933 940 versus
978 889 1215 958 nauigare
1261 888 1555 948 constituit,
1598 908 1757 957 quam

476 1003 595 1036 cum
623 985 727 1034 iarn
755 985 808 1035 in
831 983 993 1034 oculis
1021 983 1254 1041 haberet,
1308 984 1495 1052 cupido
1523 1002 1646 1034 eum
1675 983 1756 1038 in-

477 1079 609 1129 ceffit
643 1078 835 1127 montis
870 1074 1020 1142 Syriai
1048 1074 1273 1124 videndi.
1318 1072 1445 1124 Inde
1491 1074 1759 1133 disceffum

474 1169 543 1219 est
567 1168 753 1219 Thor.-
788 1164 979 1216 Rursus
1012 1165 1336 1234 nauigatione
1379 1165 1491 1216 vsus
1522 1203 1534 1225 ‚
1589 1165 1754 1220 fauci-

476 1264 571 1313 bus
594 1260 746 1312 maris
767 1258 1014 1328 Erythraei
1036 1257 1324 1311 transmiffis
1344 1296 1357 1317 ‚
1380 1258 1588 1312 Zeilam
1640 1276 1754 1327 per-

475 1354 643 1405 uenit.
698 1351 919 1420 Reliqua
956 1351 1137 1408 deinde
1186 1350 1367 1406 itinera
1391 1351 1547 1421 usque
1571 1352 1631 1403 ad
1666 1369 1756 1402 au-⁵

476 1446 582 1495 lam
627 1442 844 1502 Preciofi
898 1442 1106 1494 Ioannis
1135 1443 1348 1514 pedibus
1374 1443 1608 1495 emensus
1650 1442 1747 1500 est,

470 1538 561 1607 qui
586 1548 708 1587 tunc
734 1536 981 1604 temporis
1009 1535 1302 1591 Alexander
1329 1539 1631 1599 vocabatur,
1661 1540 1752 1591 cui

467 1629 821 1683 humaniffime
849 1643 1086 1697 acceptus
1108 1666 1121 1687 ,
1143 1629 1364 1688 litteras,
1387 1648 1510 1698 quas
1539 1631 1753 1683 habebat

469 1737 499 1770 a
545 1718 738 1769 Ioanne
786 1719 925 1787 Rege
954 1756 965 1776 ,
1014 1719 1224 1769 tradidit
1252 1757 1265 1776 ,
1311 1719 1459 1788 eique
1511 1731 1755 1789 topogra-

470 1811 647 1881 phiarn
678 1848 690 1869 ‚
734 1829 886 1879 quam
915 1810 1069 1878 vulgo
1113 1808 1373 1883 Mappam
1394 1823 1579 1861 vocant
1601 1848 1615 1868 ,
1651 1829 1756 1879 quo

471 1905 662 1956 nostras
690 1906 1042 1974 nauigationes
1091 1902 1395 1972 perspiceret
1422 1940 1435 1962 ,
1489 1903 1544 1956 in
1571 1919 1755 1954 manus

472 1998 629 2048 dedit.
676 1997 729 2048 Is
780 2011 954 2052 autern
1013 1994 1305 2047 Alexander
1351 2013 1471 2046 cum
1522 1992 1756 2046 statuisset

470 2109 591 2140 eum
625 2091 881 2142 remittere
911 2131 923 2151 ‚
966 2110 1028 2141 ne
1057 2090 1108 2140 id
1135 2093 1325 2140 faceret
1349 2127 1364 2148 ,
1417 2102 1583 2141 morte
1619 2105 1752 2156 praev

469 2193 652 2230 uentus
702 2182 789 2233 est.
835 2182 960 2252 Qio
989 2195 1197 2234 mortuo
1222 2181 1377 2235 frater
1419 2182 1472 2233 in
1515 2181 1625 2231 eius
1674 2178 1753 2228 lo-

467 2291 584 2324 cum
614 2273 843 2331 sueceffit
875 2315 888 2335 ‚
928 2289 1277 2346 cognomento
1303 2274 1429 2326 Nau
1461 2312 1475 2334 ‚
1503 2273 1585 2325 sed
1609 2273 1670 2323 ab
1692 2289 1754 2321 eo

467 2384 731 2434 nunquam
791 2369 930 2418 idem
969 2368 1188 2423 Ioannes
1234 2369 1414 2420 Petrus
1461 2365 1630 2435 potuit
1673 2363 1751 2415 fa-.

467 2459 712 2509 cultatem
769 2458 822 2507 in
871 2461 1090 2526 patriam
1142 2460 1387 2518 redeundi
1432 2459 1706 2530 impetrare
1735 2493 1751 2513 ‚

468 2566 632 2616 eoque
688 2547 954 2608 εΧτίῐιᾶὶο,
1006 2549 1141 2599 idern
1186 2549 1293 2607 illi,
1341 2549 1498 2599 afilio
1545 2547 1750 2600 Dauide

468 2638 635 2710 Regni
697 2641 892 2701 haerede
919 2679 933 2701 ,
987 2641 1290 2711 denegatum
1346 2639 1463 2695 fuit.
1507 2621 1749 2693 Donatus

1616 2726 1716 2796 igi-
