1965 3256
561 225 664 282 228
921 241 1205 278 DAMIANr
1257 239 1295 276 A
1328 238 1475 275 GOES

548 349 742 399 tatione
771 344 1124 415 indiguiffent)
1167 357 1350 413 praeter
1384 361 1543 412 pauca
1571 379 1586 403 ,
1626 359 1740 412 quae
1777 362 1841 396 ex

553 436 780 487 Arabico
810 475 822 496 ,
865 437 913 488 δε
967 435 1257 506 Abyssinico
1297 436 1545 488 idiomate
1575 472 1588 493 ,
1618 435 1671 485 in
1698 433 1846 486 Lusi-

552 535 785 586 tanicum
818 534 1107 585 sermonem
1129 574 1141 594 ‚
1167 535 1384 585 omnino
1420 534 1554 585 male
1597 531 1849 598 interpre-

550 638 682 684 tata,
725 639 924 676 mutato
974 625 1300 694 epistolarum
1349 625 1529 676 ordine
1555 662 1568 683 ‚
1609 622 1839 673 fuerunt.

553 718 697 771 Idem
730 721 908 772 Ionius
937 741 1136 792 quoque
1179 724 1233 773 in
1278 723 1460 774 harum
1509 719 1846 789 epistolarum

551 814 869 864 enarratione
916 816 1192 875 volumen,
1234 817 1371 884 quod
1416 813 1714 866 Franciscus
1751 808 1850 860 Al-

552 922 692 954 vares
720 906 779 955 de
801 906 892 956 sltu
917 945 930 965 ,
954 909 1183 958 moribus
1212 947 1225 967 ‚
1263 909 1508 975 cultuque
1531 904 1847 970 AEthiopum

554 996 887 1063 composuit,
936 997 990 1046 in
1032 1016 1135 1065 quo
1160 1000 1319 1049 etiam
1347 1014 1514 1050 totum
1558 997 1703 1048 suum
1750 995 1846 1045 iter

549 1088 774 1154 explicat
806 1126 817 1145 ‚
846 1090 1109 1156 pollicitus
1136 1091 1203 1141 est
1233 1092 1457 1142 latinum
1493 1091 1660 1141 facere
1686 1127 1698 1147 ,
1751 1105 1843 1137 cu-

548 1176 626 1225 ius
653 1179 930 1230 voluminis
969 1198 1129 1231 vnum
1156 1183 1422 1253 exemplar
1449 1199 1605 1253 penes
1635 1197 1719 1228 me
1746 1179 1840 1228 ha-

549 1265 667 1317 beo.
714 1266 871 1334 Qod
913 1268 944 1319 sl
990 1270 1167 1323 Ionius
1212 1272 1452 1323 vertendo
1505 1268 1842 1340 supersedeat,

551 1371 657 1404 non
675 1357 1004 1410 abhorrerem
1028 1364 1089 1413 ab
1109 1363 1217 1412 eius
1238 1363 1308 1412 rei
1337 1359 1656 1417 traetatione,
1686 1373 1847 1425 quan·
1894 1355 1898 1360 ’

551 1465 707 1515 quam
736 1448 785 1498 id
814 1452 1088 1519 provinciae
1130 1474 1236 1505 non
1281 1456 1499 1506 libenter
1546 1451 1807 1521 suscepero
1830 1485 1844 1506 ‚

547 1543 641 1593 nisi
668 1542 718 1591 id
739 1543 858 1603 tuiS,
877 1544 1193 1600 Sane'tiffime
1221 1550 1388 1608 Pater,
1415 1547 1670 1599 mandatis
1700 1543 1834 1595 mihi

551 1633 623 1683 im
636 1648 865 1700 peratum
896 1655 1187 1707 cognouero
1218 1679 1231 1700 ,
1252 1661 1354 1710 quo
1374 1642 1534 1692 tutior
1553 1639 1645 1688 effe
1666 1635 1859 1704 poffim„

548 1728 784 1779 aduersus
812 1732 1155 1787 calumniosos
1182 1775 1195 1796 ,
1246 1739 1434 1805 quibus
1478 1733 1637 1786 videri
1664 1730 1844 1801 possim

549 1832 656 1864 non
683 1816 845 1868 studio
869 1821 1195 1892 Reipublicae
1225 1824 1530 1876 Christianae
1548 1862 1561 1882 ‚
1581 1821 1660 1871 sed
1680 1836 1843 1869 aemu-

547 1906 740 1960 latione
759 1914 936 1981 gloriae
973 1918 1198 1970 Ionianae
1249 1920 1348 1970 hoc
1377 1936 1508 1968 onus
1535 1914 1751 1971 subiiffe,
1781 1910 1843 1962 ad
1877 1985 1885 1986 ἶ

550 2005 687 2069 quod
726 2024 846 2058 cum
873 2011 972 2061 fide
998 2015 1321 2066 trae‘iandum
1344 2053 1357 2074 ,
1414 2031 1498 2063 me
1531 2029 1636 2062 non
1660 2021 1842 2077 parum

552 2102 851 2156 instruehirn
890 2110 1125 2161 arbitror.
1185 2111 1327 2162 Nam
1370 2128 1491 2161 cum
1542 2103 1842 2176 perfunditis

513 2199 519 2260 ξ
555 2196 882 2251 Germanicis
919 2240 932 2261 ‚
967 2204 1015 2255 ἃ
1043 2203 1337 2256 Sarmaticis
1384 2200 1725 2272 legationibus
1751 2233 1763 2254 ‚
1790 2195 1841 2245 &

555 2288 760 2359 Belgica
788 2296 848 2343 ad
875 2296 1070 2366 Regem
1113 2278 1285 2351 meum
1332 2299 1584 2350 Ioannem
1609 2292 1717 2344 eius
1745 2307 1842 2339 no·

554 2380 709 2429 minis
737 2385 944 2435 tertium
968 2391 1117 2440 redeo
1145 2430 1157 2450 ,
1179 2394 1325 2442 cuius
1346 2390 1628 2460 plurimam
1675 2383 1729 2433 in
1757 2397 1841 2430 me

555 2476 860 2545 excipiendo
887 2482 936 2532 ὃς
973 2485 1347 2538 humanitatem
1375 2526 1387 2546 ,
1437 2488 1486 2537 &
1528 2479 1839 2535 munificen-

559 2568 684 2619 tiam
698 2586 933 2638 expertus
964 2575 1072 2627 sum
1090 2615 1103 2636 ,
1130 2576 1427 2648 Olyffipone
1446 2581 1497 2631 in
1519 2569 1836 2640 colloquhlm

561 2657 847 2730 [Ethiopici
884 2664 1060 2736 Legati
1107 2668 1262 2720 incidi
1296 2707 1309 2725 ‚
1359 2672 1519 2723 viri&
1548 2650 1837 2734 EpiscOPali

1674 2754 1842 2824 digni-
