1931 3239
195 228 367 266 rmsss
393 221 643 262 RELIGIO
679 218 954 266 MORESQ
980 219 1281 260 AETHIOP.
1330 212 1430 281 183

253 369 292 394 ‚,
316 329 427 381 Has
452 325 646 376 litteras
674 323 839 374 mittit
864 321 1024 373 Atani
1069 320 1298 391 Tinghil
1334 365 1347 386 ‚
1394 333 1447 381 id

174 460 216 486 „
241 422 327 478 est,
353 418 507 471 Thus
533 416 794 486 Virginis,
816 416 954 486 quod
980 432 1175 465 nomen
1207 419 1275 466 est
1303 437 1333 467 a
1364 421 1460 470 ba-

173 553 214 577 „
239 512 495 584 ptismate,
524 529 660 561 nunc
689 530 809 562 vero
839 512 895 562 in
921 509 1033 579 ipso
1062 508 1278 578 suscepti
1310 513 1456 579 regni

170 647 210 671 ‚,
240 608 391 660 initio
421 644 436 667 ‚
465 606 718 676 assumpsit
745 626 938 658 nomen
969 606 1148 657 Dauid
1174 644 1188 665 ,
1237 606 1460 657 dile6³ms

174 733 222 757 „
247 716 277 748 a
305 695 426 748 Deo
452 733 467 756 ‚
495 697 738 749 columna
784 698 905 750 fidei
930 735 944 758 ,
999 710 1248 767 cognatus
1289 697 1460 766 stirpis

181 828 221 853 ,‚
251 790 394 844 Iudae
433 792 606 852 ‚filius
654 794 833 847 Dauid
859 833 873 854 ,
923 793 1064 845 filius
1112 792 1408 845 Salomonis
1436 831 1452 854 ,

172 923 211 949 ‚,
241 887 377 939 filius
397 887 654 940 columnae
701 889 846 950 Sion,
875 889 1011 941 filius
1041 889 1250 940 seminis
1283 888 1465 949 Iacob,

178 1016 216 1041 ‚,
248 979 387 1032 fflius
414 999 596 1032 manus
621 981 810 1032 Mariae
835 1020 850 1042 ‚
885 982 1020 1033 filius
1066 981 1191 1033 Nau
1239 1000 1328 1051 per
1353 999 1466 1031 car-

181 1108 218 1131 „
247 1091 389 1131 nem,
423 1073 713 1143 Imperator
740 1092 939 1143 magnae
966 1114 982 1133 ,
1019 1076 1067 1126 ὃ(
1094 1076 1209 1124 altae
1239 1074 1465 1125 Aethio-

179 1201 220 1224 ‚,
250 1164 368 1231 piae,
395 1181 705 1233 magnorum
733 1181 1009 1232 regnorum
1034 1201 1047 1222 ,
1076 1165 1125 1213 δε
1150 1162 1408 1214 ditionum
1440 1202 1455 1222 ,

182 1293 221 1317 „
248 1258 296 1305 ὅ(
325 1268 568 1304 terrarum
589 1292 602 1312 ,
628 1254 741 1305 Rex
769 1254 830 1303 de
853 1254 970 1309 Xoa
990 1291 1002 1313 ,
1050 1255 1112 1304 (16
1139 1251 1340 1303 Caffate
1363 1292 1376 1313 ,
1400 1255 1464 1306 de

182 1385 220 1409 ‚,
255 1348 460 1416 Fatigar
493 1385 506 1406 ,
532 1348 592 1397 de
621 1347 826 1417 Angote
851 1385 862 1407 ,
926 1346 987 1396 de
1019 1344 1147 1395 Bam
1171 1383 1185 1404 ,
1216 1345 1275 1394 de
1305 1344 1474 1397 Baali‘

185 1479 228 1500 ,‚
251 1459 417 1509 ganzo
439 1478 452 1499 ,
481 1441 541 1490 (16
562 1439 728 1499 Αάεεῑ,
756 1442 815 1490 de
841 1440 1077 1507 Vangue,
1105 1439 1166 1487 (16
1187 1436 1412 1488 Goiame
1439 1476 1455 1497 ,

186 1571 225 1594 „
255 1534 338 1584 vbi
384 1533 542 1583 Nilus
571 1534 732 1582 oritur
763 1570 777 1589 ‚
828 1533 887 1580 (16
921 1530 1179 1581 Damaraa
1204 1567 1216 1586 ,
1265 1529 1323 1580 (16
1348 1530 1465 1581 Va-

183 1662 222 1684 „
249 1626 514 1694 guemedri
547 1663 560 1684 ,
608 1625 667 1674 (16
708 1625 971 1682 Ambeaa,
1022 1625 1083 1673 de
1154 1622 1368 1691 Vagne,
1413 1623 1474 1672 (16

185 1755 224 1779 ,,
250 1716 408 1785 Tigri
436 1714 638 1766 Mahon
662 1754 675 1775 ,
711 1716 770 1766 (16
799 1715 1035 1784 Sabaym,
1065 1713 1196 1764 vnde
1223 1711 1323 1762 fuit
1346 1713 1452 1763 Re-

186 1846 234 1868 „
256 1809 376 1878 gina
421 1807 549 1858 Saba
581 1847 595 1868 ‚
639 1809 699 1859 (16
734 1807 1020 1878 Bernagaes
1057 1845 1069 1865 ,
1111 1808 1160 1857 ‹Sc
1190 1805 1460 1856 Dommus

186 1938 224 1960 ‚‚
251 1899 407 1969 vsque
430 1902 490 1951 ad
517 1901 753 1953 Nobiam
782 1902 936 1953 finem
969 1898 1214 1969 Aegypti.
1253 1897 1352 1948 Hae
1380 1897 1468 1944 lit-

187 2032 228 2056 „
255 2009 372 2047 terae
400 1995 686 2065 diriguntur
730 1996 861 2065 Regi
892 1995 1243 2047 Potentiffimo
1277 1996 1326 2045 Sc
1355 1993 1464 2044 Ex-

187 2126 227 2152 „
255 2091 644 2150 celknffiffimo,
688 2089 884 2159 semper
934 2090 1116 2141 νίἇὶοῑί
1151 2128 1163 2146 ,
1230 2087 1470 2140 Domino

190 2223 230 2246 ‚,
255 2184 582 2236 Emmanueli
617 2221 631 2242 ,
683 2184 770 2252 qui
811 2184 1079 2233 habitatin
1107 2200 1282 2233 amore
1317 2179 1415 2231 De:
1444 2217 1458 2238 ,

191 2317 232 2341 „
256 2281 308 2331 &
331 2279 509 2330 firmus
537 2289 805 2347 permanet
834 2276 887 2327 in
911 2276 1010 2328 fide
1036 2274 1319 2327 Catholica
1339 2313 1351 2333 ,
1405 2273 1466 2324 fi-

192 2409 230 2436 „
259 2371 327 2423 lio
354 2370 718 2442 Apostolorum
771 2368 947 2427 Petri,
990 2370 1041 2420 δε
1087 2369 1276 2427 Pauli,
1332 2365 1466 2434 Regi

191 2496 233 2522 ‚,
257 2461 582 2531 Portugalliae
613 2498 628 2521 ‚
692 2461 742 2511 ὅ(
792 2459 1165 2530 Algarbiorum
1216 2497 1231 2519 ‚
1296 2457 1467 2507 amico

194 2590 235 2616 ,‚
263 2554 669 2606 Christianorum
700 2591 714 2614 ,
742 2552 869 2604 hosti
890 2591 906 2613 ,
934 2553 1092 2603 iudici
1117 2591 1129 2613 ,
1177 2550 1473 2619 {imperato-

198 2682 240 2713 2,
265 2647 308 2700 ri
326 2684 341 2708 ,
394 2647 640 2700 domitori
667 2645 980 2700 Maurorum
1003 2683 1018 2706 ,
1047 2648 1097 2698 ὃ(
1142 2645 1376 2713 gentium
1410 2635 1490 2685 A·-

747 2739 800 2795 O
830 2757 861 2796 2
1361 2733 1458 2783 fri-³
