1998 3256
1751 368 1871 379 ——1—

678 445 1774 556 HISPANIAE‚

616 635 920 690 CVIVS
995 635 1449 687 NOMINA
1525 639 1829 696 VARII

848 727 1106 778 VARIIS
1158 726 1611 781 NOMINIBVS

950 837 1470 873 AMPLECTVNTVR
1503 862 1518 883 ,

627 962 816 1050 Haec
856 963 1170 1073 sequens
1235 969 1341 1076 (st
1390 965 1793 1079 amplitudo
1814 1033 1838 1071 ‚

773 1102 1108 1212 potentia
1135 1162 1160 1198 ,
1203 1100 1656 1212 υῧθνῑίῇᾳῑίε.

609 1297 827 1488 D
862 1327 906 1378 E
934 1326 1042 1377 eius
1071 1325 1162 1376 situ
1194 1361 1206 1382 ‚
1236 1324 1503 1375 latitudine
1534 1365 1546 1385 ,
1592 1327 1871 1396 longitudi-

862 1440 924 1472 ne
956 1460 970 1480 ,
996 1434 1149 1489 atque
1189 1418 1292 1485 poli
1321 1418 1608 1469 eleuatione
1632 1459 1645 1480 ,
1674 1439 1793 1471 cum
1822 1422 1872 1471 id

609 1522 729 1574 satis
776 1521 908 1571 inter
935 1509 1353 1579 Cosmographos
1379 1509 1569 1560 constet
1593 1548 1605 1567 ,
1635 1511 1762 1560 nihii
1791 1511 1874 1561 hic

615 1608 804 1662 dieturi
834 1606 1005 1655 sumus
1032 1621 1044 1648 ε
1085 1617 1142 1647 ea
1169 1611 1340 1647 antem
1369 1616 1478 1665 quae
1507 1599 1694 1650 rariora
1718 1598 1829 1650 sunt
1865 1639 1879 1659 ,

608 1697 984 1767 explicabimus
1018 1710 1031 1752 ς
1064 1705 1157 1740 nec
1202 1688 1358 1740 etiam
1400 1686 1452 1736 id
1478 1688 1716 1745 tacituri,
1744 1690 1880 1757 quod

614 1794 815 1864 antiqui
862 1789 1133 1858 scriptores
1193 1780 1427 1831 testatum
1492 1778 1620 1827 olim
1659 1778 1880 1847 relique-

619 1901 740 1939 tunt
775 1927 790 1947 ,
850 1900 963 1933 eam
1002 1879 1165 1928 adhuc
1213 1874 1320 1925 anri
1352 1911 1364 1931 ,
1405 1873 1596 1940 argenti
1631 1910 1644 1933 ,
1691 1872 1835 1940 cupri
1867 1909 1880 1933 ,

621 1973 785 2026 stanni
816 2010 831 2031 ‚
875 1969 1074 2039 plumbi
1099 2005 1112 2024 ,
1143 1963 1260 2014 ferri
1286 2000 1299 2021 ,
1340 1962 1676 2028 omniumque
1703 1961 1884 2010 metal-

624 2068 793 2117 lorum
846 2060 1037 2112 fodinis
1083 2056 1338 2108 abundate
1369 2093 1383 2113 ,
1436 2070 1634 2104 necnon
1686 2053 1885 2120 argenti

625 2157 733 2207 viui
775 2194 788 2214 ,
856 2153 975 2202 salis
1016 2168 1220 2219 quoque
1269 2146 1578 2198 vberrimam
1629 2145 1741 2194 effe.
1796 2142 1887 2194 De

631 2245 880 2313 frugibus
904 2259 1006 2290 non
1057 2240 1125 2289 est
1150 2239 1286 2307 quod
1313 2238 1537 2288 multum
1579 2235 1888 2303 disceptetur

624 2352 746 2385 cum
773 2336 988 2384 omnino
1015 2332 1157 2381 ferax
1185 2331 1291 2379 vini
1334 2369 1347 2390 ,
1388 2331 1488 2380 olei
1519 2367 1532 2387 ‚
1576 2327 1742 2377 mellis
1767 2364 1781 2384 ‚
1818 2326 1891 2375 la-

626 2425 761 2483 ἇὶίε,
800 2422 1082 2478 frumenti,
1125 2419 1487 2486 f1·u5tuumque
1533 2417 1772 2467 omnium
1811 2413 1888 2464 fit.

629 2516 878 2567 Abundat
913 2513 1069 2563 etiam
1097 2512 1280 2561 ouibus
1300 2547 1313 2571 ‚
1331 2511 1495 2558 bobus
1519 2546 1533 2567 ,
1558 2508 1702 2576 equis
1741 2518 1897 2573 gene-

636 2608 913 2665 rosiflimis‚
936 2603 1259 2673 piscibusque
1286 2599 1601 2651 diuersorum
1630 2608 1895 2667 generum.

633 2700 886 2759 Ferarum
932 2712 1138 2767 quoque
1179 2734 1194 2757 ‚
1233 2695 1281 2746 ἃ
1319 2690 1496 2747 auium
1545 2689 1678 2742 mira
1727 2682 1895 2806 esopia-

1775 2767 1862 2806 unt
