1931 3239
166 264 340 304 szs
370 261 620 301 ummo
653 259 924 310 Μοῑιῐεεςτ)ι
947 260 1248 302 AETHIOP.
1313 255 1419 325 263

115 380 490 442 pretamentum
515 366 700 424 habet,
748 383 805 416 ac
855 364 889 415 s1
935 366 1133 418 dixisset
1162 406 1176 427 ,
1230 372 1336 421 doce
1365 377 1422 425 ἐφ’

102 460 318 532 praedica
353 455 500 525 fidem
529 493 543 514 ‚
597 456 824 522 &legem
874 456 1077 506 Domini
1120 459 1267 527 nostri
1323 462 1420 514 IE-

110 565 183 601 sv
229 545 495 597 CHRIS'H
533 579 547 600 ,
585 544 752 611 populo
803 542 963 615 Israel
1002 582 1015 604 ,
1069 548 1124 597 Εἴ
1160 545 1410 613 genlibus,

108 642 192 695 Ad
217 640 326 691 haec
351 636 684 689 certissimum
712 634 779 685 est
806 637 992 687 nullibi
1028 638 1082 688 in
1123 636 1413 706 Scripturis

102 733 312 803 reperiri
335 733 546 784 Petrum
568 767 582 789 ,
601 742 688 781 aut
714 729 842 779 alios
873 730 1148 801 Apostolos
1184 735 1419 791 immun-

103 829 168 879 da
193 825 429 877 occidisse
466 865 481 888 ,
517 838 604 875 aut
629 823 902 876 comediffe
933 865 947 886 ,
993 827 1103 895 post
1152 828 1283 879 hanc
1337 829 1419 880 vi-

104 918 319 969 fionem.
363 915 524 966 Porro
568 912 831 965 sciendum
857 914 926 965 est
953 953 966 975 ,
1020 935 1139 967 cum
1170 917 1405 988 Scriptu-

103 1025 158 1056 ta
182 1005 412 1074 loquitur
436 1004 496 1053 de
523 1021 653 1070 pane
683 1040 696 1060 ‚
744 1022 845 1054 non
878 1002 1275 1073 intelligendum
1301 1005 1397 1056 effe

105 1099 283 1147 cibum
314 1133 328 1153 ,
373 1111 467 1145 nec
519 1093 786 1160 corporale
836 1094 1214 1146 nutrimentum
1263 1135 1278 1156 ,
1328 1097 1414 1147 sed

105 1188 506 1259 explicationem
537 1225 551 1245 ,
580 1204 637 1236 ac
661 1187 1036 1256 expofitionem
1079 1186 1350 1241 CHRISTI
1392 1227 1406 1251 ,

105 1286 155 1336 &
183 1282 557 1352 Scripturarum
587 1279 851 1332 d0&rinae.
897 1278 1211 1332 Consultum
1237 1284 1416 1352 profe-

107 1377 193 1427 ἃο
219 1374 335 1425 effet
362 1410 378 1431 ,
412 1390 591 1422 omnes
621 1370 878 1421 Do-„Omres
909 1408 923 1428 ,
969 1371 1019 1419 &
1042 1371 1410 1438 praedicatores

105 1472 168 1521 de
195 1471 292 1519 hoc
338 1467 496 1517 linteo
536 1504 549 1525 ‚
592 1465 727 1534 quod
770 1464 1022 1515 ostensum
1066 1465 1166 1515 fuit
1208 1466 1359 1518 Petro
1394 1509 1409 1530 ,

103 1561 344 1614 sublimia
374 1560 423 1609 &
458 1560 558 1610 alta
594 1559 776 1608 docere
818 1597 831 1614 ‚
864 1559 914 1609 δε
959 1577 1064 1608 non
1115 1559 1204 1609 illa
1240 1600 1254 1621 ,
1295 1582 1409 1631 quae

102 1655 285 1707 infima
312 1653 425 1703 sunt
455 1690 469 1709 ‚
513 1653 563 1703 δε
589 1671 701 1721 quae
735 1652 866 1702 nihil
902 1653 963 1703 ad
987 1653 1202 1703 salutem
1226 1656 1407 1708 viden-

103 1764 188 1801 tur
212 1747 466 1816 pertinere
497 1784 510 1804 ,
550 1764 607 1796 ac
658 1764 764 1796 non
799 1746 918 1796 inde
956 1747 1268 1798 documenta
1316 1770 1406 1801 au-

104 1840 280 1907 cupari
312 1876 324 1898 ,
360 1839 496 1905 quasi
525 1838 600 1887 fas
630 1874 644 1896 ,
680 1839 728 1889 δε
756 1838 960 1888 licitum
987 1839 1103 1890 effet
1130 1840 1278 1889 nobis
1302 1841 1406 1891 im·-

103 1932 297 1983 munda
340 1929 607 1980 comedere
645 1967 659 1988 ,
710 1912 913 1996 quando
954 1949 1016 1981 ex
1064 1930 1322 2000 Scriptura
1354 1933 1406 1982 id

101 2026 323 2077 minime
367 2023 607 2092 colligere
666 2025 884 2091 possunt.
929 2025 1075 2093 Qud
1124 2028 1260 2095 quod
1309 2027 1405 2094 ipfi

36 2191 39 2193 -
104 2118 339 2192 Apostoli
370 2118 422 2168 in
451 2117 550 2168 suis
590 2118 911 2186 Synodorum
950 2120 1095 2170 libris
1147 2139 1404 2190 praecepe-

104 2225 223 2262 runt
265 2211 412 2262 nobis
436 2249 448 2267 ,
474 2228 537 2259 ne
563 2212 892 2263 comedamus
921 2213 1165 2263 animalia
1191 2213 1401 2282 suspen-

104 2303 155 2353 sa
184 2342 198 2362 ,
251 2303 491 2354 suffocata
520 2338 534 2362 ,
567 2301 783 2353 lacerata
812 2342 825 2363 ‚
875 2321 1040 2372 neque
1099 2301 1288 2355 semesa
1335 2308 1398 2357 ab

105 2395 219 2446 aliis
248 2395 415 2445 bestiis
437 2432 452 2454 ,
487 2411 580 2444 nec
621 2393 918 2463 sanguinem
946 2434 960 2458 ‚
993 2398 1237 2464 quoniam
1283 2398 1400 2449 Do-

103 2486 277 2536 minus
303 2500 440 2537 amat
467 2488 777 2538 munditiam
806 2528 819 2548 ‚
871 2491 921 2541 δε
944 2490 1268 2543 sobrietatem
1308 2531 1322 2552 ‚
1350 2494 1401 2542 δε

102 2579 215 2629 odit
235 2581 409 2649 gulam
431 2618 444 2638 ,
487 2581 971 2634 &'immunditiam.
1017 2582 1084 2634 Et
1115 2585 1399 2653 plurimum

87 2672 262 2722 etiam
292 2689 378 2722 eos
407 2670 672 2730 Dominus
698 2674 870 2744 diligit
901 2712 915 2733 ,
952 2676 1040 2744 qui
1079 2673 1329 2725 abstinent
1370 2690 1400 2722 a

704 2764 762 2817 T
787 2780 818 2820 2
1253 2777 1361 2810 car-
