1965 3256
525 200 629 255 206
902 221 1185 257 DAmrAm
1226 222 1265 258 A
1298 222 1445 260 cors

487 360 523 384 ,‚
543 324 749 374 laudant
773 325 822 375 δε
848 325 1178 379 benedicunt.
1230 326 1282 379 O
1311 327 1437 379 felix
1465 327 1646 380 Sancite
1670 330 1770 383 Pa-

488 452 528 478 „
556 428 630 465 ter
655 455 668 475 ‚
706 434 801 486 ego
824 417 917 467 tibi
953 433 1236 469 reverenter
1284 419 1500 479 obedio,
1545 438 1663 472 cum
1714 421 1776 472 fis

487 545 521 566 „
548 526 646 574 pax
668 511 904 559 omnium
935 548 948 567 ,
988 511 1035 561 ἃ
1087 511 1271 562 cuneta
1302 513 1451 562 bona
1489 513 1729 563 merearis
1761 549 1776 571 ,

487 635 522 658 ,,
550 600 598 649 δε
620 602 690 650 ita
717 619 924 670 aequum
945 640 956 659 ‚
1009 614 1061 651 vt
1088 619 1267 653 omnes
1307 603 1401 653 tibi
1430 604 1775 655 obedientiam

488 731 524 752 „
554 694 785 760 praestent
806 733 818 752 ‚
850 694 991 746 fieuti
1020 694 1190 747 83ῃᾶὶί
1212 696 1446 764 Apostoli
1470 697 1777 765 praecipiunt

493 823 527 844 „
556 787 689 854 apud
721 786 915 840 Deum.

601 914 636 936 ‚,
667 875 786 927 Hoc
810 898 922 930 vere
943 880 1161 930 vestrum
1187 881 1254 931 est
1277 919 1290 940 ,
1320 881 1390 932 ita
1411 883 1565 932 etiam
1593 881 1773 952 praeci-

482 1005 496 1026 ‚
514 1008 524 1027 ,
548 970 695 1038 pinsit
719 1011 733 1032 ,
766 988 816 1025 vt
844 995 1143 1027 veneremus
1197 976 1479 1046 Episcopos
1498 1015 1512 1037 ,
1554 978 1773 1029 Archie-

473 1099 515 1121 «,,
546 1064 780 1133 piscopos
805 1106 820 1126 ,
859 1070 909 1119 &
954 1071 1216 1121 Praelatos.
1263 1071 1511 1121 Similiter
1547 1085 1598 1120 vt
1622 1085 1671 1121 te
1696 1073 1774 1121 lo-

476 1197 514 1219 „
545 1177 605 1209 co
626 1163 788 1214 Patris
813 1183 1068 1226 amemus,
1089 1168 1136 1217 δι’
1159 1167 1277 1218 10εο
1306 1167 1464 1236 Regis
1491 1185 1773 1228 vereamur,

478 1295 512 1316 ,‚
541 1258 704 1308 &tibi
748 1261 820 1310 vti
845 1262 963 1313 Deo
1002 1263 1156 1313 fidem
1181 1264 1479 1314 habeamus.
1527 1262 1767 1333 Propter-

477 1387 511 1407 ‚‚
540 1367 598 1398 ea
618 1350 735 1400 dico
759 1372 856 1422 ego
878 1354 1145 1405 humiliter
1171 1393 1183 1413 ,
1232 1356 1293 1406 ad
1341 1367 1529 1404 terram
1553 1355 1769 1423 genibus

478 1477 515 1498 „
546 1439 715 1502 flexis,
742 1445 836 1494 tibi
867 1445 1016 1497 Pater
1037 1445 1219 1496 &mete
1241 1443 1449 1514 syncero
1474 1445 1757 1496 admodum

476 1574 512 1596 „
543 1540 693 1589 corde
713 1580 724 1598 ,
752 1541 886 1609 quod
909 1555 962 1592 tu
990 1555 1134 1610 pater
1154 1559 1298 1592 meus
1319 1560 1372 1592 es
1397 1579 1411 1600 ,
1438 1543 1487 1593 δε
1514 1559 1611 1610 ego
1631 1540 1768 1591 filius

475 1674 510 1695 ,‚
534 1650 669 1685 tuus.
699 1632 768 1684 O'
794 1633 944 1683 Pater
962 1632 1163 1690 Sanfte,
1183 1632 1543 1700 potentissime,
1565 1649 1655 1680 cur
1677 1650 1769 1681 ne-

394 1721 399 1725 ’
473 1762 509 1784 „
537 1724 732 1773 minem
777 1738 1006 1787 unquam
1048 1720 1110 1769 ad
1136 1739 1230 1769 nos
1257 1718 1461 1778 misisti,
1501 1730 1554 1769 vt
1580 1718 1767 1769 certius

473 1858 509 1880 ,‚
538 1821 597 1870 de
640 1820 745 1871 vita
790 1818 1049 1887 saluteque
1076 1836 1192 1868 mea
1216 1815 1546 1885 cognosceres
1576 1853 1589 1873 ,
1642 1833 1764 1866 cum

468 1951 503 1972 ‚,
535 1912 671 1963 tuiis
710 1910 874 1980 pastor
899 1948 913 1969 ‚
965 1911 1016 1960 δε
1057 1928 1153 1978 ego
1195 1909 1304 1958 ovis
1326 1922 1444 1985 tuat:
1492 1909 1661 1958 bonus
1700 1908 1752 1958 &

479 2042 514 2063 ‚,
543 2004 684 2053 enim
714 2001 881 2072 pastor—
899 2000 971 2051 sui
1007 2001 1174 2069 gregis
1199 2017 1463 2067 nunquam
1489 1997 1760 2050 oblivisce-

474 2136 508 2157 ‚,
537 2113 672 2151 retur
694 2136 707 2157 ,
737 2114 830 2149 nec
858 2097 955 2146 tibi
981 2115 1008 2146 a
1029 2095 1324 2165 regionibus
1343 2093 1514 2144 vestris
1534 2093 1758 2144 nimium

465 2231 502 2253 ,‚
531 2193 749 2244 semotus
771 2195 933 2244 debeo
954 2193 1231 2244 existimari
1251 2231 1266 2255 ,
1293 2205 1347 2243 vt
1385 2190 1562 2243 nuncii
1583 2192 1643 2240 ad
1670 2208 1754 2241 me

462 2328 497 2350 ,‚
526 2304 778 2357 nequeant
805 2292 1069 2358 pervenire
1088 2330 1101 2352 ,
1150 2308 1274 2341 eum
1299 2307 1362 2341 ex
1401 2287 1747 2341 remotiffimis

463 2427 500 2454 „
531 2403 778 2439 terrarum
824 2391 991 2457 regnis
1038 2390 1369 2471 qutugalliae
1393 2388 1510 2441 Rex
1537 2387 1753 2439 Emma-

464 2519 502 2542 ,‚
527 2483 678 2541 nuel,
704 2482 838 2531 filius
867 2495 983 2531 tuus
1005 2519 1018 2540 ,
1042 2476 1289 2562 Oxigtores
1309 2483 1371 2533 ad
1397 2499 1491 2532 nos
1520 2498 1757 2532 commo-

465 2617 501 2639 „
531 2581 721 2630 diffime
744 2578 938 2629 miserit
961 2616 973 2637 ,
1027 2580 1077 2628 &
1117 2579 1150 2628 fi
1204 2580 1351 2630 Deus
1388 2597 1507 2629 eum
1533 2578 1595 2628 ad
1627 2575 1755 2627 sein

461 2712 501 2744 ρ,
529 2675 713 2733 caelum
734 2693 939 2728 evocare
959 2672 1215 2725 distulisset
1233 2711 1248 2733 ‚
1278 2692 1354 2733 ea,
1370 2693 1480 2741 quae
1503 2686 1611 2724 tum
1643 2667 1752 2735 agi-

1609 2762 1752 2813 taba-
