1931 3239
351 253 428 295 nr
461 247 651 289 utrm
678 247 1011 287 cAMnArco
1041 250 1167 288 sne.
1247 247 1351 305 313

111 367 224 414 (em
261 379 347 412 arx
368 357 579 426 rupibus
605 357 654 408 &
696 368 909 406 cuneata
943 354 1111 405 fronte
1163 354 1216 404 in
1267 354 1391 405 litus

120 446 411 518 procurrit,
457 447 518 494 ab
546 462 642 494 vna
679 458 818 512 parte
871 443 1032 493 fluuio
1064 479 1077 500 ,
1128 444 1190 491 ab
1236 441 1393 491 altera

117 554 234 588 vero
281 537 386 588 smu
418 536 571 586 maris
616 535 863 586 alluitur:
939 535 1134 602 reliqua
1193 532 1393 583 aditum.

113 631 303 683 habent
352 633 413 681 ab
441 629 630 700 oppido
661 666 674 687 ‚
722 648 818 697 qua
846 628 1153 678 validiffimis
1193 623 1394 694 aggeri-

115 726 208 775 bus
236 722 463 792 foffisque
492 719 864 791 quaquauersus
901 740 928 770 a
955 719 1112 770 fluuio
1163 720 1224 769 ad
1253 732 1392 766 mare

115 817 270 887 vsque
307 817 550 885 cingitur.
593 815 753 866 Porro
801 814 855 864 in
882 813 1024 864 fluuii
1068 813 1214 862 alueo
1241 809 1396 861 turris

114 909 447 962 munitiffima
502 907 760 967 confistit,
806 925 966 976 eoque
1015 902 1394 973 inexpugnabi-

115 1002 214 1053 lior
265 1038 279 1060 ‚
334 1001 470 1068 quod
532 1000 621 1050 nifi
669 998 870 1050 summo
903 1039 916 1059 ,
952 1001 1001 1050 δε
1051 998 1400 1048 incitatiiiimo

123 1093 281 1145 maris
307 1091 423 1142 aestu
456 1128 467 1150 ,
497 1091 621 1140 adiri
652 1104 865 1158 nequeat
896 1128 909 1149 ,
937 1107 1047 1140 tum
1075 1089 1214 1139 enim
1247 1102 1397 1138 tenu-

121 1199 177 1230 es
207 1180 382 1230 'vndas
433 1180 494 1230 ad
537 1198 705 1230 arcem
745 1179 974 1250 perferri.
1020 1178 1401 1230 Difficultatem

119 1272 223 1322 loci
267 1291 324 1323 ea
353 1290 554 1340 quoque
583 1289 723 1341 parte
777 1273 1066 1323 bombardae
1117 1272 1399 1331 adiuuant.

119 1382 232 1432 quae
277 1363 507 1415 hostilem
560 1363 760 1414 claffem
825 1364 1187 1414 aduentantem
1249 1363 1401 1414 facile

120 1454 309 1505 crebris
362 1454 751 1505 iaculationibus
801 1454 1113 1524 deprimunt.
1184 1452 1265 1505 Ex
1299 1452 1401 1502 aiio

118 1565 238 1597 vero
265 1546 417 1596 latere
462 1546 643 1596 limoso
671 1545 776 1596 solo
806 1585 819 1607 ,
847 1549 896 1598 &
924 1545 1110 1597 humili
1137 1560 1266 1614 aqua
1300 1546 1402 1595 cir-

119 1638 467 1706 cumcingitur
489 1675 503 1696 ,
543 1650 593 1687 vt
621 1657 784 1707 neque
826 1640 1038 1709 pedibus
1060 1675 1073 1697 ,
1103 1655 1266 1707 neque
1311 1653 1405 1687 na-

117 1732 305 1783 uiculis
326 1772 340 1794 ‚
370 1734 533 1783 immo
563 1753 623 1783 ne
650 1734 833 1784 lembis
858 1732 1064 1802 quidem
1085 1732 1229 1802 poflit
1250 1729 1399 1781 adiri.

122 1822 267 1874 Inter
305 1825 532 1875 medium
580 1827 708 1877 arcis
754 1827 1002 1895 turrisque
1050 1827 1272 1896 spatium
1322 1822 1406 1873 so·

120 1916 387 1966 lummodo
415 1918 826 1987 nauigationibus
878 1919 1123 1968 idoneum
1169 1915 1237 1965 est
1267 1952 1281 1973 ,
1321 1910 1404 1962 sed

123 2007 410 2058 obnoxium
435 2009 689 2078 Vtriusque
717 2009 1021 2060 munitionis
1053 2004 1369 2059 bombardis.

232 2099 316 2150 Ab
345 2118 402 2150 ea
429 2100 584 2169 igitur
613 2116 754 2171 parte
782 2141 796 2161 ‚
823 2122 921 2172 qua
947 2101 1408 2153 demonstrauimus

128 2209 302 2244 arcem
353 2192 415 2242 ad
443 2193 691 2262 oppidum
738 2194 980 2264 respicere
1013 2233 1027 2255 ,
1071 2197 1120 2246 δε
1165 2205 1411 2263 perpetuo

124 2286 272 2340 dorso
299 2288 593 2339 continuari
626 2327 639 2349 ,
678 2299 792 2359 quae
817 2289 918 2342 sola
943 2291 1191 2343 obsidioni
1220 2307 1411 2359 oppor-

124 2375 297 2425 tunior
320 2376 518 2427 videtur
543 2415 557 2436 ‚
602 2377 799 2429 summa
839 2379 888 2430 vi
939 2379 1193 2448 Sopharus
1243 2395 1410 2447 oppu-

125 2462 428 2529 gnationem
468 2475 635 2513 tentat
666 2499 680 2522 ,
724 2464 854 2516 acin
880 2464 1083 2516 tumulo
1109 2465 1212 2516 arci
1239 2465 1411 2515 vicino

127 2553 233 2624 (ex
264 2572 366 2622 quo
392 2553 623 2603 maxima
648 2554 797 2624 ipsuis
843 2574 954 2625 pars
987 2557 1115 2607 arcis
1153 2553 1410 2621 conspici·

122 2659 204 2698 tur
225 2647 258 2713 J
285 2663 351 2701 ex
400 2647 634 2720 congestu
659 2649 952 2721 acernisque
993 2649 1224 2719 lapidum
1251 2683 1266 2705 ι
1312 2644 1416 2695 sm&

667 2740 722 2802 Υ
747 2757 788 2802 2,
1236 2737 1376 2791 calce
