1931 3239
135 261 313 299 rtmzs
352 250 599 294 RELYG'IO
631 249 907 296 MORESQ
933 249 1232 290 AETH10P.
1281 257 1378 312 257

93 366 147 420 in
220 364 304 415 vsu
360 356 452 410 effe
482 395 496 416 ‚
559 370 612 407 vt
685 355 833 408 video
864 354 956 404 'hic
1003 371 1066 404 ex
1134 356 1384 408 Romanae

92 455 324 510 Ecclefiae
370 447 734 501 consuetudine
786 445 914 498 fieri.
965 444 1105 496 Item
1155 465 1219 498 ex
1272 448 1385 517 lege

89 536 251 591 Issofis
281 574 296 596 ,
337 556 396 588 ac
433 535 796 607 Apostolorum
838 533 1066 586 instituto
1117 554 1222 587 non
1267 538 1391 590 licet

86 630 236 681 nobis
271 630 416 681 cibos
464 630 764 680 immundos
805 631 1074 680 comedere
1104 669 1117 689 ,
1163 632 1216 681 id
1254 631 1385 683 faci-

85 742 205 775 mus
243 724 305 774 ad
330 742 541 774 omnem
573 722 730 792 Legis
775 742 831 772 ac
862 722 1176 792 Scripturam
1219 726 1389 777 obser-

91 817 379 876 uationem,
406 834 622 884 quarum
652 817 914 886 o&oginta
945 818 993 868 δε
1021 835 1178 867 vnum
1206 817 1392 873 libros,

84 924 192 962 tam
220 914 430 970 veteris,
478 932 631 982 quam
678 912 799 961 noui
827 910 1111 963 testamenti
1139 929 1390 961 annume-

92 1022 267 1055 ramus
300 1043 316 1064 ,
362 1004 557 1055 scilicet
615 1021 680 1054 ex
730 1017 895 1054 vetere
958 1006 1295 1075 quadraginta
1342 1005 1391 1054 &

86 1094 174 1148 sex
207 1134 220 1155 ,
268 1098 317 1148 &
342 1113 406 1146 ex
432 1114 570 1146 nouo
612 1095 824 1164 triginta
863 1097 913 1144 δί
935 1096 1162 1164 quinque
1193 1135 1206 1155 ‚
1237 1117 1391 1165 quem

94 1209 369 1242 numerum
408 1190 719 1260 fingulorurn
763 1189 1013 1239 librorum
1041 1191 1394 1259 computatio-

93 1304 159 1337 ne
199 1282 483 1353 expreffum
515 1283 764 1333 habemus
810 1282 871 1331 ab
923 1280 1039 1348 ipsis
1085 1281 1344 1351 Apostolis
1375 1320 1390 1340 ,

87 1378 274 1448 quibus
301 1376 446 1428 libris
473 1377 656 1427 veteris
688 1414 700 1434 ,
720 1428 725 1432 ,
743 1376 792 1426 <Sc
819 1373 942 1424 noui
970 1374 1256 1425 testamenti
1303 1376 1384 1426 ni-

98 1469 173 1520 hil
226 1469 407 1519 addere
437 1507 450 1528 ‚
492 1486 584 1519 nec
631 1468 861 1517 minuere
909 1468 1027 1518 licet
1055 1506 1067 1527 ,
1104 1486 1396 1537 quanquam

88 1561 299 1631 angelus
327 1561 387 1610 de
416 1561 553 1610 coelo
580 1561 630 1609 id
659 1561 804 1610 nobie
834 1558 1133 1627 persuadere
1177 1578 1387 1612 conare-

90 1668 173 1706 tur
201 1692 216 1713 ,
257 1653 418 1720 &qui
461 1653 581 1702 taiia
622 1653 823 1703 auderet
861 1666 1053 1702 tentare
1085 1690 1096 1709 ,
1137 1670 1227 1722 pro
1272 1669 1393 1702 ana-

91 1750 319 1800 themate
346 1759 680 1816 reputaretur.
729 1747 906 1815 Qiare
933 1764 1025 1796 nec
1055 1746 1347 1798 Patriarcha
1382 1783 1397 1805 ‚

93 1862 189 1895 nec
218 1842 465 1911 Episcopi
492 1842 641 1894 nostri
669 1880 681 1899 ,
720 1861 809 1910 per
854 1842 901 1892 se
932 1881 947 1900 ,
995 1861 1087 1915 nee
1135 1842 1188 1891 in
1216 1840 1396 1891 conci-

97 1941 183 1991 liis
209 1950 390 2008 putant
420 1974 434 1994 ,
462 1955 525 1985 au
553 1937 830 2002 opinantur
880 1936 1005 1986 vllas
1032 1936 1168 2005 leges
1199 1934 1245 1984 se
1269 1952 1394 1984 con-

94 2031 213 2081 dere
261 2027 395 2098 pofle
440 2063 455 2085 ,
505 2024 694 2093 quibus
749 2027 811 2076 ad
856 2028 1074 2078 mortale
1125 2039 1396 2096 peccatum

96 2123 314 2194 obligari
343 2120 455 2192 quis
484 2120 658 2191 posset.
707 2119 771 2170 In
799 2121 914 2190 ipsis
965 2122 1119 2172 etiarn
1175 2119 1394 2189 synodo-

95 2229 213 2269 Turn
240 2215 386 2267 libris
432 2214 765 2266 constitutum
813 2234 841 2265 a
892 2214 1090 2266 Sanetis
1142 2213 1401 2283 Apostolis

86 2303 155 2354 est
185 2343 199 2366 ‚
225 2319 459 2374 oportere
489 2322 579 2355 nos
612 2304 841 2355 confiteri
869 2344 881 2362 ,
915 2322 1063 2372 atque
1089 2324 1243 2373 quam
1273 2325 1389 2374 poe-

102 2393 376 2445 nitentiam
403 2413 497 2463 pro
524 2394 881 2463 magnitudine
908 2394 1224 2465 singulorum
1280 2410 1401 2462 pec-

88 2501 323 2538 catorum
363 2506 392 2537 a
417 2487 694 2537 confessore
720 2487 950 2555 accipere
996 2486 1263 2537 debemus.
1314 2482 1405 2533 In-

92 2579 296 2633 struunt
362 2599 565 2651 quoque
614 2600 707 2632 nos
740 2619 753 2640 ‚
800 2581 1064 2650 quemodo
1117 2578 1360 2630 orandum
1391 2611 1406 2633 ,

88 2673 142 2730 ἃ
183 2660 528 2730 ieiunandum
582 2674 680 2737 fit,
725 2675 774 2727 ἃ
828 2673 1045 2727 charitas
1098 2666 1397 2723 exercenda.

1231 2762 1369 2816 Prae-
