1998 3256
584 263 650 301 20
864 265 1143 303 DAMIANI
1168 267 1207 303 A
1251 267 1398 305 GOES

547 368 738 426 multa,
784 367 833 418 &
876 371 1114 436 praeclara
1151 372 1398 423 miracula
1447 371 1678 443 dignatus
1720 376 1790 428 est

542 456 706 509 facere
729 497 742 518 ,
772 472 822 509 vt
848 461 999 515 nostri
1024 465 1229 516 annales
1257 463 1514 515 testantur.
1538 463 1656 516 Hoc
1685 466 1788 518 Re-

540 570 602 621 ge
629 551 844 604 Alfonso
870 570 1107 622 regnante
1125 595 1139 616 ,
1160 577 1264 608 non
1290 557 1466 608 multis
1487 557 1665 608 diebus
1685 558 1789 626 post

539 658 882 715 expugnatam
910 645 1232 717 Olisiponem
1263 688 1277 710 ,
1308 668 1491 721 corpus
1544 651 1619 702 D.
1656 651 1786 702 Vin-

546 738 700 789 centii
729 738 926 791 Leuitae
971 740 1019 791 &
1048 740 1294 812 Martyris
1325 743 1376 793 in
1405 741 1565 812 ipsam
1591 743 1793 801 vrbem,

549 847 612 879 ex
637 828 773 880 sacro
801 833 1155 899 promontorio
1177 871 1190 891 ‚
1212 835 1296 884 vbi
1323 835 1409 905 diu
1435 833 1584 884 latuit
1611 870 1625 892 ,
1665 833 1792 882 rela-

540 933 649 970 tum
677 921 742 971 est
762 959 775 982 ,
803 923 852 973 &
879 923 931 972 in
972 922 1167 974 fornice
1194 923 1381 974 summi
1411 922 1589 990 templi
1617 959 1630 980 ,
1659 920 1793 971 sum-

535 1032 619 1064 ma
661 1033 779 1066 cum
799 1017 1079 1068 reuerentia
1130 1018 1372 1069 hodierna
1393 1018 1475 1067 die
1500 1017 1791 1066 afferuatur.

534 1107 708 1175 Qiam
753 1127 860 1160 rem
899 1108 1074 1160 diffuse
1124 1108 1403 1159 Resendius
1453 1108 1615 1160 noster
1653 1107 1794 1174 graui

535 1201 760 1252 carmine
788 1200 1126 1266 prosequutus
1172 1200 1259 1249 est.

640 1288 683 1339 E
719 1289 924 1357 regione
973 1287 1119 1339 cuius
1171 1287 1533 1345 monumenti,
1591 1285 1796 1340 Alfonfi

532 1382 697 1450 quarti
717 1381 848 1451 regis
877 1380 1199 1449 sepulchrum
1224 1395 1362 1433 extat
1384 1418 1397 1440 ,
1416 1381 1524 1430 eius
1551 1380 1759 1450 inquam
1780 1419 1794 1441 ‚

529 1476 618 1541 qui
684 1491 818 1523 anno
871 1471 1060 1524 Christi
1111 1473 1382 1524 millesimo
1432 1471 1797 1522 trecenteffimo

528 1564 905 1633 quadragesimo
961 1563 1177 1615 Alfonso
1245 1562 1478 1615 Castellae
1521 1563 1652 1632 Regi
1709 1563 1798 1613 suo

528 1675 711 1726 genero
753 1657 1069 1706 luculentum
1107 1668 1283 1706 contra
1319 1655 1598 1706 Alboacem
1639 1653 1797 1704 Mau-

530 1765 703 1800 rorum
739 1747 1139 1815 potentisiimum
1166 1747 1365 1816 Regem
1406 1745 1686 1797 subsidium
1714 1759 1797 1794 tu-

527 1839 586 1888 lit
612 1876 624 1897 ,
669 1839 1109 1908 cruentiffimoque
1155 1838 1217 1887 ad
1241 1839 1431 1889 fiumen
1455 1838 1648 1887 Salsum
1669 1854 1800 1904 prae-³

528 1927 599 1977 lio
623 1965 636 1985 ,
683 1926 944 1978 aduersum
972 1927 1190 1979 eundem
1243 1928 1526 1978 Alboacem
1554 1925 1757 1994 praefuit
1783 1962 1797 1985 ‚

530 2022 578 2071 &
605 2018 818 2087 gloriose
869 2020 1032 2073 victor
1057 2058 1071 2080 ,
1113 2038 1404 2090 cognomen
1423 2021 1485 2072 ad
1505 2018 1702 2070 Salsum
1723 2019 1800 2068 vi-

531 2112 685 2161 &oris
712 2112 864 2180 vulgo
890 2114 1132 2164 obtinuit.
1164 2112 1251 2165 Ob
1274 2133 1432 2183 quam
1451 2112 1652 2164 causam
1681 2109 1799 2178 ipsi-

529 2223 588 2255 us
630 2204 785 2272 Regis
839 2207 1155 2258 mentionem
1195 2227 1299 2259 non
1349 2206 1613 2278 displicuit
1649 2205 1798 2258 nobis

532 2293 628 2344 hoc
660 2294 712 2344 in
734 2294 851 2345 loco
898 2295 1082 2347 facere.

638 2385 728 2437 AD
772 2388 990 2438 radicem
1017 2407 1135 2439 vero
1172 2389 1322 2440 huius
1365 2391 1553 2442 summi
1580 2389 1798 2458 templi,

529 2481 681 2550 paulo
708 2479 918 2530 inferius
951 2478 1293 2534 Occidentem
1320 2483 1487 2534 versus
1516 2521 1531 2543 ‚
1567 2485 1800 2549 interpo-

530 2574 618 2624 sita
654 2575 817 2641 platea
840 2612 853 2632 ,
901 2574 1139 2626 sacellum
1179 2576 1310 2626 Diui
1337 2576 1558 2629 Antonii
1587 2614 1601 2636 ,
1642 2590 1800 2644 quem

530 2666 827 2719 Paduanum
870 2680 1051 2719 vocant
1083 2705 1097 2728 ‚
1118 2669 1409 2721 admirabili
1437 2670 1680 2722 structura
1716 2666 1796 2729 ,ὅτ

1623 2776 1752 2813 m1ra
