1931 3239
276 227 514 268 DIENSIS
546 221 727 258 VRBIS
778 220 1191 257 OPPVGNATIO
1272 229 1371 281 137

132 334 285 386 {vebat
305 343 481 402 praeter
507 337 685 376 nautas
710 326 760 376 &
784 326 1007 394 remiges
1035 361 1049 383 ,
1077 324 1272 376 milites
1300 327 1411 377 Lu-

129 432 314 482 fitanos
340 421 611 494 quinquies
650 420 830 480 mille,
874 423 926 472 &
971 420 1173 471 nobiles
1212 420 1412 472 Malla-

128 522 270 574 hares
300 555 314 576 ,
359 533 486 585 quos
533 512 751 565 Naiares
795 525 980 564 vocant
1008 550 1023 571 ,
1074 513 1234 563 octies
1264 513 1410 564 mille

121 611 180 660 :in
197 622 301 661 arte
325 607 629 678 gladiatmia
653 605 1026 657 versatiffimos.
1059 605 1266 673 Qubus
1284 624 1407 658 cum

121 705 290 773 copiis
321 741 334 762 ,
382 704 584 754 ancoris
606 701 852 761 sublatis,
903 700 1071 752 Dium
1105 700 1271 752 versus
1317 722 1411 753 na-

124 799 297 868 uigare
342 799 514 867 caepit.

233 890 483 941 Nomvs
533 909 563 940 a
587 888 775 941 Cunha
828 889 995 957 postea
1032 889 1175 940 illinc
1215 887 1369 938 soluit
1392 925 1408 946 ‚

123 981 183 1033 in
211 981 530 1034 Lusitaniam
571 983 902 1052 nauigaturus
925 1021 938 1042 ,
972 984 1026 1033 in
1059 984 1239 1034 itinere
1289 1000 1410 1033 vero

125 1077 307 1145 iniquo
348 1078 454 1127 fato
479 1078 611 1145 apud
643 1090 793 1144 caput
819 1077 967 1125 bonae
994 1074 1095 1144 spei
1145 1075 1284 1126 diem
1326 1072 1411 1122 su-

127 1185 219 1217 um
246 1167 396 1217 obiit.
441 1164 677 1215 Piscibus
705 1202 719 1224 ,
770 1165 1076 1233 turgidoque
1127 1164 1257 1213 mari
1292 1164 1408 1212 eius

125 1259 361 1317 cadauer,
381 1256 468 1326 qui
488 1257 613 1308 vltra
634 1255 943 1306 decennium
972 1255 1257 1325 Imperium
1279 1253 1408 1306 Ori-

125 1351 259 1401 entis
292 1388 306 1408 ,
346 1350 559 1400 nomine
586 1349 744 1417 Regis
786 1347 858 1397 sui
897 1348 1100 1416 gesserat
1129 1386 1144 1408 ,
1169 1349 1402 1400 traditur.

122 1437 262 1508 Qae
302 1456 440 1490 mors
488 1457 592 1489 non
644 1438 718 1488 illi
771 1436 868 1486 fuit
910 1439 1067 1487 noxia
1095 1476 1110 1497 ,
1163 1441 1411 1508 quoniam

126 1528 317 1581 sciebat
345 1568 360 1590 ,
427 1529 476 1581 se
514 1531 576 1581 ad
629 1530 916 1579 feliciorem
956 1532 1114 1581 vitam
1159 1535 1409 1602 migratu-

124 1639 241 1696 rum
270 1658 284 1680 ‚
313 1620 394 1670 sed
440 1622 589 1671 nobis
618 1619 874 1671 Lusitanis
910 1641 923 1684 3
963 1624 1156 1673 etenim
1198 1627 1405 1676 amaba-

126 1727 210 1763 tur
259 1714 323 1763 ab
351 1714 594 1764 omnibus
626 1751 639 1771 ,
691 1714 741 1765 &
791 1728 1037 1783 tanquam
1086 1734 1213 1766 vnus
1262 1719 1408 1788 regni

126 1806 306 1856 oculus
366 1807 766 1858 deosculabatur.
814 1807 1113 1877 Antequam
1156 1828 1221 1859 ex
1259 1828 1408 1878 porta

129 1888 345 1947 solueret
365 1896 647 1948 Gratianus
673 1917 702 1948 a
727 1897 984 1948 Noronha
1009 1936 1023 1957 ‚
1063 1899 1255 1950 litteras
1278 1901 1409 1952 Em-

127 1987 380 2041 manuelis
408 2006 437 2037 a
462 1987 628 2038 Britto
671 1989 814 2039 ducis
861 1987 1036 2040 Chalii
1077 1991 1304 2043 ciuitatis
1349 1995 1406 2045 in

122 2099 284 2150 regno
323 2078 561 2149 Calequii
605 2079 705 2131 sitae
730 2079 918 2150 accipit
948 2119 961 2137 .
988 2082 1172 2150 quibus
1215 2083 1408 2154 fignifi-

126 2175 274 2226 cabat
327 2174 607 2224 aduentaffe
651 2175 712 2225 ad
757 2174 953 2244 Regem
1008 2174 1267 2228 Calecutii
1318 2197 1406 2230 ce-

126 2265 328 2324 locem,
364 2283 483 2316 cum
531 2265 697 2335 legato
742 2265 990 2319 Solimani
1035 2268 1186 2320 Baffae
1217 2308 1232 2330 ,
1259 2272 1406 2324 ducis

125 2358 422 2412 Turcarum
465 2362 622 2414 classis
652 2401 665 2422 ,
705 2363 794 2432 qui
832 2382 862 2414 a
912 2363 1299 2418 NIahometanis
1350 2368 1405 2419 in

124 2458 235 2528 ipso
267 2479 424 2529 regno
451 2463 717 2532 agentibus
753 2499 769 2522 ‚
796 2464 942 2515 miris
981 2465 1263 2516 honoribus
1290 2466 1406 2518 fue-

124 2566 203 2604 rat
228 2568 493 2624 acceptus,
520 2554 798 2624 praesertim
825 2575 853 2608 a
879 2560 1103 2627 quodam
1130 2560 1258 2610 duce
1285 2555 1406 2624 ipsi-

118 2660 186 2696 us
212 2644 374 2715 Regis
421 2645 675 2707 Calecutii
720 2647 1096 2704 Maomethano
1128 2690 1142 2712 ,
1195 2650 1406 2700 nomine

1176 2743 1376 2809 Paque-
