1931 3239
446 231 780 270 omsrpoms
834 231 1179 273 EEScRIP'rro
1325 243 1391 296 35·

166 338 263 391 fica
287 378 303 400 ,
349 335 739 407 sumptuosaque
789 337 1032 393 struetura
1059 342 1385 393 nobilissimis
1409 382 1421 402 ,

165 430 354 498 regiam
390 446 580 479 nouam
607 432 828 499 plateam
853 468 867 490 ,
901 433 1253 502 anagliptariis
1285 470 1298 490 ,
1335 451 1427 482 an-

165 518 371 569 nulariis
393 557 408 579 ,
459 519 797 571 coelatoribus-
820 559 834 580 ,
880 520 1171 573 vasculariis
1200 561 1213 582 ,
1270 522 1428 573 fabris

162 613 455 681 argentariis
480 650 495 672 ,
523 616 572 666 &
592 614 780 666 aerariis
809 614 1019 665 aurariis
1049 654 1064 675 ,
1095 616 1220 666 item
1248 633 1429 684 argen-

162 700 403 770 tariisque
447 704 816 756 refertiffimam
836 743 850 764 ‚
880 707 1171 775 praeteriens
1198 744 1211 764 ,
1235 706 1288 756 in
1335 706 1430 756 ali-

160 812 244 846 am
270 796 450 848 eodem
474 800 662 869 pariter
687 798 898 849 nornine
936 817 1127 850 nouam
1176 812 1429 848 mercato-

160 906 275 939 rum
304 928 319 949 ,
348 893 595 945 continuo
626 893 834 945 fle&ens
862 895 922 944 ad
961 893 1142 944 laevam
1175 930 1189 952 ,
1216 892 1428 942 deveni-

160 995 212 1041 es
239 1016 254 1038 ‚
312 995 597 1035 ceterorum
625 984 863 1035 omnium
903 984 1053 1053 longe
1092 982 1380 1033 latissimam
1417 1021 1429 1042 ,

165 1071 491 1142 aedificiisque
517 1077 874 1146 pulcherrimis
899 1116 911 1136 ,
954 1078 1192 1147 vtrinque
1213 1094 1432 1127 exorna-

182 1174 311 1213 tam.
364 1162 498 1216 Illuc
523 1170 762 1218 omnibus
812 1170 915 1219 fere
945 1188 1009 1220 ex
1049 1170 1279 1235 partibus
1319 1166 1429 1218 Or·-

164 1250 242 1301 bis
272 1289 286 1310 ,
328 1253 377 1304 &
417 1256 654 1322 gentibus
699 1258 926 1325 quotidie
970 1271 1278 1307 mercatores
1308 1272 1418 1305 cer-

164 1340 313 1403 tatim
340 1345 648 1395 conveniunt
669 1349 898 1396 maximo
919 1346 1193 1397 hominum
1215 1362 1434 1395 concur-

162 1421 216 1475 su
246 1444 395 1500 atque
421 1434 704 1504 frequentia
727 1476 740 1498 ,
767 1452 972 1508 propter
990 1437 1431 1488 commerciorum

162 1523 437 1594 portusque
482 1529 937 1598 opportunitatem.
1007 1529 1302 1598 Eademque
1352 1529 1436 1578 via

162 1630 345 1669 contra
388 1619 797 1689 Septentrionem
821 1624 1164 1694 progredienti
1194 1661 1207 1682 ,
1252 1622 1314 1671 ad
1345 1622 1434 1672 lae-

161 1726 277 1781 vam
318 1713 604 1778 portorium
650 1728 790 1766 vetus
841 1715 1085 1785 objicitur
1115 1737 1126 1766 :
1179 1714 1264 1765 vbi
1337 1733 1430 1784 pro

163 1804 420 1856 mercibus
446 1808 740 1877 importatis
792 1811 999 1880 publica
1031 1812 1136 1880 regi
1166 1808 1436 1878 vectigalia

163 1912 323 1964 nuper
347 1901 715 1965 pendebantur.
763 1905 807 1957 E
829 1905 1036 1973 regione
1062 1903 1214 1952 huius
1253 1914 1431 1967 porto-

164 1987 228 2037 rii
249 1987 420 2040 forum
445 2030 459 2051 ,
489 1996 625 2063 quod
647 1996 848 2047 Veteris
871 1993 981 2047 Pali
1005 2006 1215 2044 vocatur
1235 2031 1248 2051 ,
1280 2012 1435 2063 appa-

163 2093 257 2150 ῐβῒ,
280 2081 334 2131 in
359 2102 461 2152 quo
486 2084 682 2155 semper
701 2106 803 2139 non
830 2088 981 2156 pauci
1009 2087 1248 2138 homines
1277 2103 1427 2135 men-

164 2179 226 2246 fis
267 2177 524 2232 affidentes
567 2183 782 2254 reperies
813 2221 827 2243 ,
869 2201 997 2252 quos
1047 2180 1303 2238 notarios,
1351 2179 1432 2231 vel

164 2271 397 2326 librarios
424 2296 601 2330 vocare
626 2278 868 2347 possimus
899 2316 912 2337 ‚
968 2276 1124 2328 nullis
1155 2289 1330 2327 tamen
1359 2276 1436 2326 ci-

165 2366 334 2434 vitatis
383 2369 672 2422 ministeriis
707 2371 979 2441 obligatos.
1024 2368 1103 2437 Hi·
1137 2387 1321 2422 omnes
1365 2386 1431 2420 ex

161 2457 261 2510 hoc
285 2463 400 2513 vitae
427 2481 607 2533 genere
630 2463 719 2515 fibi
739 2463 1045 2514 alimentum
1075 2459 1398 2531 suppeditant
1419 2498 1432 2517 ,

166 2555 302 2624 quod
326 2557 562 2609 omnium
589 2558 944 2611 accedentium
966 2594 980 2615 ‚
1015 2552 1310 2622 mentesque
1351 2553 1432 2604 su-

163 2661 216 2723 as
251 2648 621 2718 explicandum
643 2688 659 2711 ‚
700 2648 899 2709 sensum
936 2647 1252 2716 affequantur
1283 2683 1303 2714 ›.
1333 2663 1417 2695 or-

1281 2734 1425 2783 dine-
