1998 3256
597 244 672 306 ‘42
959 246 1243 295 DAMIANI
1297 256 1338 292 A
1379 250 1531 295 cons

595 361 649 412 sa
685 361 747 411 iis
787 379 879 429 pro
913 363 1043 413 veris
1070 365 1187 414 huic:
1214 365 1355 432 operi
1391 364 1560 418 videar
1606 364 1855 418 inferuis-³·

594 450 645 501 se
666 490 681 512 ,
723 453 904 522 quibus
931 453 1038 503 haec
1077 453 1293 523 legendo
1327 454 1589 508 dumtaxat
1611 494 1626 517 ,
1653 457 1735 507 vei
1753 476 1846 508 au⁸⁸

592 544 778 595 diendo
805 582 818 603 ,
847 545 1101 615 percipere
1136 545 1365 598 sufficiet.
1408 545 1493 598 Ad
1522 549 1717 620 reliqua
1744 549 1844 618 igi-

591 646 676 687 tur
706 655 995 706 pergamus.

717 727 876 781 VRBS
899 747 962 780 ex
1006 748 1062 780 ea
1100 743 1240 797 parte
1283 747 1380 796 qua
1419 732 1548 782 mari
1585 732 1806 783 adluitur
1830 767 1844 790 ‚

596 829 648 868 vt
674 819 824 887 paulo
858 833 974 871 ante
1001 819 1462 873 demonstrauimus
1486 861 1502 882 ‚
1543 835 1716 892 vtpote
1753 841 1851 874 no·-

594 908 828 960 biliffima
859 911 966 960 eius
993 923 1132 979 parte
1156 949 1169 970 ‚
1206 912 1377 979 portis
1431 913 1624 963 duabus
1647 949 1663 971 ,
1700 904 1750 962 ὅὲ
1775 911 1853 962 vi-

588 1003 719 1071 ginti
769 1004 1091 1074 distinguitur
1119 1026 1130 1056 :
1189 1024 1302 1075 pars
1345 1021 1465 1057 vero
1495 1043 1510 1065 ,
1541 1023 1654 1074 quae
1681 1003 1851 1055 conti-

593 1109 800 1147 nentem
859 1098 1098 1166 respicit,
1150 1098 1411 1162 sedecim3
1455 1099 1638 1166 quibus
1680 1096 1854 1147 omni-

596 1190 689 1238 bus
719 1228 732 1247 ,
759 1205 965 1258 propter
1003 1192 1258 1240 infinitam
1303 1190 1580 1240 hominum
1618 1189 1856 1240 multitu-

596 1278 772 1328 dinem
807 1316 821 1337 ,
845 1279 1050 1347 eiusque
1076 1279 1330 1330 ambitum
1374 1278 1666 1329 latiffimum
1689 1316 1704 1338 ,
1745 1295 1857 1330 ma-

597 1371 737 1422 xime
764 1373 988 1442 indigere
1014 1366 1232 1426 videtur.
1273 1372 1532 1424 Turribus
1573 1383 1741 1431 autem
1767 1390 1858 1441 per

597 1481 858 1514 murorum
885 1479 1066 1534 gyrum
1104 1464 1417 1534 septuaginta
1450 1463 1642 1532 septem
1682 1460 1857 1512 muni-

597 1572 695 1608 tur.
735 1556 965 1627 Templa
988 1575 1106 1608 vero
1138 1595 1152 1616 ,
1177 1577 1287 1625 quae
1315 1577 1344 1608 a
1371 1556 1571 1609 Graecis
1617 1553 1858 1626 paroeciae

596 1649 912 1717 appellantur
940 1685 953 1704 ,
980 1648 1032 1696 in
1057 1647 1239 1713 quibus
1271 1646 1581 1698 sacramenta
1625 1643 1858 1695 fidelibus

599 1739 840 1790 omnibns
879 1734 1320 1787 subministrantur
1348 1774 1361 1795 ‚
1404 1736 1631 1804 quinque
1680 1734 1729 1782 δε
1779 1729 1857 1779 vi-

598 1835 726 1902 ginti
758 1844 1086 1882 numerantur
1117 1867 1130 1888 ,
1164 1844 1342 1899 praeter
1367 1847 1424 1879 ea
1446 1865 1459 1886 ,
1487 1843 1601 1895 quae
1626 1823 1853 1890 plurima

599 1922 876 1973 Monachis
896 1962 909 1982 ,
939 1920 1274 1971 Anac'horetis
1305 1957 1318 1977 ‚
1349 1913 1735 1983 Vestalibusque
1754 1915 1858 1966 vir-

599 2020 808 2087 ginibus
843 2016 954 2066 sunt
976 2014 1236 2068 attributa.
1281 2010 1422 2062 Huic
1449 2011 1566 2061 loco
1602 2026 1706 2060 non
1729 2006 1861 2059 nihit

601 2116 655 2165 in
676 2112 878 2163 laudem
907 2109 1244 2160 ecclesiasticae
1271 2106 1472 2158 muficae
1499 2103 1756 2159 adiiciam,
1779 2100 1859 2150 id-

603 2223 701 2274 que
757 2201 1063 2250 veriffimum
1123 2198 1677 2269 compertiffimumque
1727 2193 1885 2257 interd

601 2310 780 2349 omnes
807 2289 944 2339 ciues
967 2289 1178 2338 habetur
1207 2325 1220 2347 ,
1262 2305 1446 2355 nempe
1471 2285 1607 2355 quod
1645 2283 1699 2334 in
1726 2300 1859 2349 prae-

604 2386 768 2453 cipuis
817 2385 935 2435 anni
962 2383 1094 2434 festis
1121 2384 1324 2443 diebus,
1375 2400 1438 2433 ex
1464 2380 1569 2450 ipsa
1591 2379 1711 2430 vrbe
1738 2374 1860 2427 Vli-

607 2479 774 2548 sipone
805 2517 818 2538 ‚
851 2481 979 2530 vltra
1028 2479 1236 2547 triginta
1284 2476 1540 2551 absulutos
1582 2485 1854 2525 cantorum

613 2575 795 2625 choros
819 2610 831 2631 ,
879 2574 939 2622 ad
969 2571 1102 2622 sacra
1128 2570 1386 2620 modolato
1426 2582 1578 2619 cantu
1621 2566 1674 2615 in
1716 2557 1859 2628 pagis

609 2666 841 2735 villisque
869 2663 1065 2716 circum
1096 2661 1279 2713 vicinis
1323 2660 1548 2713 canenda
1574 2696 1590 2719 ‚
1627 2669 1725 2706 vna
1769 2646 1856 2696 die

1648 2743 1821 2796 cunEti
