1965 3256
574 213 676 268 262
906 224 1190 263 DAMIANI
1258 223 1297 259 A
1333 221 1487 259 cons

536 336 670 386 daeos
719 333 868 385 variae
915 330 1282 399 consurgebant
1330 325 1696 397 disputationes
1758 340 1818 376 ac

534 424 889 475 contentiones
914 461 928 483 ,
969 438 1091 491 quas
1154 432 1206 471 vt
1249 418 1436 469 sedaret
1470 455 1484 476 ,
1539 415 1823 467 christianis

537 515 766 566 nondum
797 513 912 564 satis
945 508 1263 562 confirmatis
1290 506 1638 578 indulgentius
1662 505 1824 556 mori·

537 609 800 677 gerebatur
837 644 850 665 ‚
894 605 942 656 &
970 601 1337 671 acquiescebat.
1384 599 1446 650 Id
1473 612 1645 649 tamen
1695 598 1826 650 faci-

544 683 662 751 ebat
688 739 700 759 ,
731 718 833 749 non
862 698 998 767 quod
1037 698 1202 766 legem
1240 694 1470 763 frangere
1511 691 1662 742 vellet
1690 729 1704 751 ‚
1746 692 1829 744 sed

537 811 589 849 vt
618 797 783 864 plures
810 796 881 844 ita
905 794 959 844 in
985 790 1305 843 caeremoniis
1347 787 1630 839 relaxandis
1670 789 1828 855 grati-

542 887 742 937 ficando
769 886 830 935 ad
854 884 1007 934 fidem
1058 882 1302 932 alliceret.
1349 879 1497 929 Idem
1553 876 1826 947 Apostolus

542 999 743 1049 quoque
782 979 891 1028 ait:
942 977 990 1027 Is
1040 977 1122 1043 qui
1159 976 1452 1031 manducat,
1501 993 1589 1023 non
1622 971 1824 1021 mandu-

545 1078 727 1117 cantem
780 1084 866 1113 non
890 1063 1098 1132 spernat
1126 1099 1140 1120 ,
1195 1063 1250 1112 &
1285 1061 1368 1129 qui
1407 1080 1494 1110 non
1527 1065 1785 1113 manducat
1812 1098 1830 1121 ,

545 1155 905 1203 manducantem
974 1172 1061 1202 non
1115 1152 1333 1210 iudicet,
1382 1152 1600 1220 quoniam
1662 1153 1703 1203 is
1750 1154 1833 1222 qui

543 1247 842 1303 manducat,
899 1243 1109 1295 Domino
1157 1246 1416 1295 manducat
1460 1282 1474 1305 ,
1530 1247 1695 1314 &qui
1743 1266 1866 1299 non·

542 1339 798 1390 manducat
847 1374 860 1394 ,
906 1335 1113 1387 Domino
1159 1356 1247 1388 non
1293 1338 1550 1390 manducat
1597 1359 1612 1388 .·
1651 1356 1832 1405 quam-

545 1432 723 1481 obrem
774 1430 1044 1500 indignum
1096 1430 1162 1481 est
1207 1429 1500 1500 peregrinos
1536 1429 1834 1481 christianos

544 1537 649 1572 tam
685 1521 867 1571 acriter
913 1539 970 1571 ac
1003 1520 1247 1571 hostiliter
1270 1520 1566 1589 reprehendi
1599 1557 1613 1578 ,
1658 1533 1710 1571 vt
1737 1538 1835 1588 ego

544 1616 604 1665 de
631 1615 723 1663 hac
752 1632 803 1663 re
827 1651 840 1672 ,
868 1615 918 1664 &
943 1613 1004 1663 de
1029 1614 1168 1672 aliis,
1192 1633 1304 1682 quae
1333 1614 1552 1665 minime
1574 1614 1635 1663 ad
1661 1598 1833 1663 veram

543 1703 696 1754 fidem
722 1705 1031 1775 spectabant,
1059 1706 1386 1776 reprehensus
1414 1706 1507 1756 fui.
1549 1704 1647 1755 Sed
1670 1705 1836 1755 multo

545 1801 826 1853 consultius
853 1804 947 1853 erit
973 1804 1263 1855 huiusmodi
1315 1804 1610 1855 christianos
1661 1804 1835 1855 homi-

546 1911 636 1944 nes
668 1932 680 1952 ‚
721 1893 820 1944 siue
848 1893 1062 1946 Graecos
1086 1934 1099 1954 ,
1128 1896 1228 1946 fiue
1255 1895 1534 1947 Armenios
1564 1934 1576 1955 ,
1604 1896 1704 1947 siue
1730 1897 1836 1947 Ae-

548 1987 748 2055 thiopes
781 2024 794 2045 ,
838 1985 937 2037 siue
974 2004 1038 2038 ex
1080 1988 1260 2057 quauis
1287 1988 1481 2057 septem
1517 1987 1835 2040 Christiano-

549 2097 665 2128 rum
696 2077 1038 2130 Ecclesiarum
1073 2119 1085 2140 ,
1129 2081 1183 2131 in
1210 2081 1456 2133 charitate
1493 2083 1541 2134 &
1567 2079 1832 2132 Cnmsn

550 2171 874 2239 amplexibus
918 2171 1153 2224 sustinere
1183 2211 1198 2233 ,
1238 2176 1288 2225 &
1312 2193 1400 2225 eos
1425 2173 1526 2225 fine
1563 2188 1836 2225 contume-

550 2264 634 2313 liis
661 2265 958 2331 permittere
1012 2267 1143 2317 inter
1169 2268 1296 2319 alios
1337 2269 1515 2321 fratres
1540 2269 1850 2324 christianos.

553 2353 746 2410 viuere,
774 2368 860 2403 aut
899 2356 1080 2407 versari
1114 2396 1126 2416 ,
1155 2360 1398 2427 quoniam
1426 2379 1604 2413 omnes
1627 2361 1719 2412 filii
1747 2362 1838 2411 ba-

552 2442 730 2514 ptismi*
759 2443 932 2494 sumus
986 2485 999 2505 ,
1051 2450 1099 2499 &
1142 2453 1202 2501 de
1228 2472 1342 2505 vera
1393 2454 1488 2505 fide
1529 2454 1839 2506 vnanimiter

556 2537 820 2588 sentimus.
865 2539 981 2590 Nec
1010 2542 1077 2591 est
1121 2548 1264 2598 causa
1291 2569 1380 2601 cur
1417 2564 1522 2602 tam
1562 2550 1743 2601 acriter
1777 2546 1840 2596 de

559 2632 873 2684 caeremoniis
911 2633 1212 2705 disceptetur
1242 2677 1255 2700 ,
1284 2643 1374 2694 nisi
1413 2658 1465 2695 vt
1499 2640 1842 2712 vnusquisque

1696 2731 1807 2783 suas

1933 214 1947 313 ᾖ.

1935 326 1941 364 3
