1965 3256
609 227 711 301 196
959 242 1248 280 DAMIANI
1285 242 1327 279 A
1357 243 1508 281 cons

552 352 761 404 Litterae
798 347 1002 420 eiusdem
1041 349 1261 402 Dauidz‘s
1288 388 1302 409 ‚
1330 348 1594 419 Aethiopiae
1618 349 1836 422 Impera-

614 441 737 493 toris
764 478 777 500 ,
818 440 887 489 ad
909 437 1130 489 Ioannem
1178 436 1322 489 huius
1371 437 1573 489 nominis
1618 438 1767 489 terti-

688 555 766 588 um
790 573 805 596 ,
838 534 1162 602 Portug·alliae
1187 534 1287 585 &c.
1318 532 1494 600 Regem
1504 571 1517 596 ,
1526 533 1734 604 scriptae

936 625 1071 677 Anno
1097 639 1406 675 MDxx1111.

565 841 570 844 -
660 804 718 856 N
748 805 958 856 nomine
981 805 1084 857 Dei
1111 804 1267 874 patris
1288 804 1663 872 omnipotentis
1684 843 1699 865 ,
1723 821 1835 855 cre-

661 897 816 946 atoris
860 896 1023 954 coeli,
1072 897 1121 947 &
1170 909 1315 947 terrae
1347 934 1360 955 ,
1386 897 1435 946 δε
1475 898 1714 948 omnium
1757 913 1839 945 re-

543 1026 582 1050 „
612 1006 727 1039 rum
754 987 1008 1038 &Statum
1036 985 1314 1035 vifibilium
1344 1023 1357 1043 ,
1390 986 1439 1036 &
1467 985 1826 1037 inuisibiliurn.

545 1118 584 1140 ‚,
619 1080 685 1130 In
710 1079 924 1129 nomine
961 1077 1064 1128 Dei
1090 1076 1183 1125 filii
1220 1073 1445 1134 Christi,
1476 1078 1564 1144 qui
1608 1077 1677 1126 est
1723 1077 1827 1128 fili-

541 1205 579 1229 ‚,
610 1190 666 1221 us
693 1208 706 1229 ,
732 1170 783 1219 ὅ(
809 1166 1077 1219 confilium
1107 1205 1120 1225 ,
1158 1166 1208 1217 &
1229 1166 1477 1235 propheta
1515 1167 1672 1235 patris
1698 1205 1709 1217 .
1770 1165 1836 1218 In

543 1299 581 1329 „
608 1262 821 1314 nomine
884 1260 988 1312 Dei
1036 1259 1253 1329 Spiritus
1300 1257 1473 1310 Sanc‘fi
1517 1296 1532 1317 ,
1587 1260 1830 1327 paracleti

541 1402 580 1426 „
613 1360 716 1413 Dei
743 1356 852 1408 vini
883 1395 896 1416 ‚
927 1356 1136 1426 :equalis
1175 1355 1337 1424 patri,
1364 1356 1413 1406 &
1440 1354 1547 1405 filio
1572 1392 1585 1414 ,
1632 1355 1718 1424 qui
1746 1354 1827 1406 lo-

543 1494 583 1518 „
611 1465 757 1504 cutus
784 1448 853 1500 est
893 1467 982 1518 per
1007 1464 1067 1499 os
1103 1448 1368 1517 prophetae
1399 1484 1413 1504 ,
1464 1445 1699 1515 spirando
1745 1446 1828 1498 su-

544 1581 582 1604 „
612 1558 700 1611 per
737 1538 1017 1609 Apostolos.
1042 1577 1055 1599 ‚
1095 1553 1146 1591 vt
1169 1542 1354 1609 gratias
1381 1554 1586 1608 agerent
1608 1576 1622 1600 ‚
1651 1541 1700 1592 δε
1722 1540 1832 1590 lau-

545 1673 581 1695 „
611 1634 788 1683 darent
839 1631 1168 1682 Trinitatem
1216 1631 1499 1699 perfedkam
1556 1632 1610 1681 in
1653 1632 1790 1682 coelo
1815 1668 1828 1690 ‚

547 1765 584 1788 „
612 1728 660 1777 &
687 1725 735 1775 in
764 1737 894 1774 terra
914 1762 928 1782 ,
977 1724 1031 1774 in
1058 1724 1186 1774 mari
1216 1761 1231 1784 ,
1258 1725 1308 1774 &
1334 1724 1387 1775 in
1416 1723 1672 1794 profundo
1696 1723 1830 1776 sem-

552 1857 588 1879 „
617 1837 724 1886 per.
783 1815 978 1867 Arnen¹

658 1947 695 1969 „
723 1908 953 1960 Μῑττο
1005 1910 1094 1960 has
1121 1909 1314 1960 litteras
1363 1910 1412 1960 &
1438 1910 1687 1961 nuncium
1710 1900 1827 1982 'ego

548 2042 586 2066 „
614 2003 770 2056 Thus
795 2003 1009 2073 virginis
1029 2042 1042 2064 ‚
1073 2004 1208 2073 quod
1228 2005 1295 2055 est
1323 2004 1452 2055 mihi
1480 2023 1716 2056 nomena
1743 2007 1831 2056 ba-

552 2133 587 2156 ‚,
617 2097 857 2165 ptismate
885 2136 898 2158 ,
917 2114 1053 2149 nunc
1080 2117 1200 2149 vero
1227 2117 1348 2149 cum
1397 2099 1599 2166 imperii
1626 2098 1823 2167 sceptro

549 2224 585 2247 ‚,
617 2190 848 2260 assumpsi
889 2209 1077 2242 nomen
1133 2190 1308 2241 Dauid
1338 2229 1352 2250 ‚
1401 2190 1615 2240 dileetus
1662 2190 1778 2240 Deo
1809 2226 1824 2250 ,

553 2319 589 2342 „
618 2283 859 2334 columna
910 2284 1027 2335 fidei
1047 2322 1059 2343 ‚
1107 2283 1253 2350 stirps
1310 2282 1439 2333 Iuda
1467 2320 1480 2340 ,
1530 2281 1664 2331 filius
1709 2282 1822 2332 Da·

556 2409 594 2433 „
624 2373 712 2420 uid
760 2409 773 2430 ,
827 2374 964 2424 filius
1019 2373 1307 2425 Salomonis
1362 2374 1567 2442 Regum
1623 2371 1780 2423 Israel
1807 2408 1824 2435 ,

561 2504 597 2526 ‚‚
628 2465 764 2514 filins
817 2465 1071 2516 columnae
1113 2466 1235 2516 Sion
1260 2505 1274 2527 ,
1326 2468 1462 2518 filius
1500 2466 1708 2518 seminis
1736 2465 1824 2516 Ia·

553 2595 589 2619 ‚‚
617 2562 712 2609 cob
745 2597 757 2618 ,
806 2558 941 2608 filius
992 2560 1052 2607 de
1095 2577 1250 2608 manu
1306 2559 1492 2612 Mariae
1522 2598 1537 2619 ‚
1581 2562 1631 2610 &
1681 2557 1817 2607 filius

553 2685 588 2708 ‚‚
615 2650 737 2703 Nau
765 2669 852 2719 per
903 2667 1108 2700 carnem
1139 2687 1152 2709 ‚
1182 2651 1414 2700 maximo
1459 2652 1510 2703 δε
1534 2646 1821 2720 potentissi-

1665 2754 1753 2788 mo
1776 2774 1791 2797 ,
