<?xml version="1.0" encoding="UTF-8"?>
<!DOCTYPE html PUBLIC "-//W3C//DTD XHTML 1.0 Transitional//EN"
    "http://www.w3.org/TR/xhtml1/DTD/xhtml1-transitional.dtd">
<html xmlns="http://www.w3.org/1999/xhtml" xml:lang="en" lang="en">
 <head>
  <title>
</title>
<meta http-equiv="Content-Type" content="text/html;charset=utf-8" />
  <meta name='ocr-system' content='tesseract 3.04.00' />
  <meta name='ocr-capabilities' content='ocr_page ocr_carea ocr_par ocr_line ocrx_word'/>
</head>
<body>
  <div class='ocr_page' id='page_1' title='image "./damianigoesopusc00gi_0071.png"; bbox 0 0 1931 3239; ppageno 0'>
   <div class='ocr_carea' id='block_1_1' title="bbox 359 210 1434 271">
    <p class='ocr_par' dir='ltr' id='par_1_1' title="bbox 359 210 1434 271">
     <span class='ocr_line' id='line_1_1' title="bbox 359 210 1434 271; baseline -0.017 -10"><span class='ocrx_word' id='word_1_1' title='bbox 359 219 704 271; x_wconf 60' lang='lat' dir='ltr'>ozstPONIS</span> <span class='ocrx_word' id='word_1_2' title='bbox 757 210 1123 253; x_wconf 79' lang='lat' dir='ltr'>DESCRIPTIO</span> <span class='ocrx_word' id='word_1_3' title='bbox 1354 213 1434 267; x_wconf 71' lang='lat'>‚41</span> 
     </span>
    </p>
   </div>
   <div class='ocr_carea' id='block_1_2' title="bbox 124 313 1438 2617">
    <p class='ocr_par' dir='ltr' id='par_1_2' title="bbox 131 313 1438 2061">
     <span class='ocr_line' id='line_1_2' title="bbox 153 313 1436 410; baseline -0.014 -31"><span class='ocrx_word' id='word_1_4' title='bbox 153 354 238 399; x_wconf 58' lang='lat' dir='ltr'>tm-</span> <span class='ocrx_word' id='word_1_5' title='bbox 257 379 272 403; x_wconf 56' lang='lat'>9</span> <span class='ocrx_word' id='word_1_6' title='bbox 299 348 522 410; x_wconf 69' lang='lat' dir='ltr'>quorum</span> <span class='ocrx_word' id='word_1_7' title='bbox 545 325 803 396; x_wconf 88' lang='lat' dir='ltr'>optimam</span> <span class='ocrx_word' id='word_1_8' title='bbox 852 330 1055 389; x_wconf 84' lang='lat' dir='ltr'>partem</span> <span class='ocrx_word' id='word_1_9' title='bbox 1100 313 1324 364; x_wconf 80' lang='lat' dir='ltr'>vidimus</span> <span class='ocrx_word' id='word_1_10' title='bbox 1341 352 1353 373; x_wconf 94' lang='lat'>,</span> <span class='ocrx_word' id='word_1_11' title='bbox 1385 320 1436 368; x_wconf 67' lang='grc' dir='ltr'>ὅς</span> 
     </span>
     <span class='ocr_line' id='line_1_3' title="bbox 153 408 1438 493; baseline -0.023 -6"><span class='ocrx_word' id='word_1_12' title='bbox 153 430 486 493; x_wconf 84' lang='lat' dir='ltr'>multitudine</span> <span class='ocrx_word' id='word_1_13' title='bbox 512 419 871 475; x_wconf 86' lang='lat' dir='ltr'>machinarum</span> <span class='ocrx_word' id='word_1_14' title='bbox 891 452 906 474; x_wconf 93' lang='lat'><em>,</em></span> <span class='ocrx_word' id='word_1_15' title='bbox 957 413 1006 463; x_wconf 73' lang='grc' dir='ltr'>δε</span> <span class='ocrx_word' id='word_1_16' title='bbox 1032 408 1236 462; x_wconf 82' lang='lat' dir='ltr'>infinito</span> <span class='ocrx_word' id='word_1_17' title='bbox 1264 427 1438 460; x_wconf 85' lang='lat' dir='ltr'>armo-</span> 
     </span>
     <span class='ocr_line' id='line_1_4' title="bbox 147 499 1437 584; baseline -0.019 -10"><span class='ocrx_word' id='word_1_18' title='bbox 147 542 260 579; x_wconf 78' lang='lat' dir='ltr'>rum</span> <span class='ocrx_word' id='word_1_19' title='bbox 282 560 297 583; x_wconf 90' lang='lat'>,</span> <span class='ocrx_word' id='word_1_20' title='bbox 320 521 643 584; x_wconf 87' lang='lat' dir='ltr'>telorumque</span> <span class='ocrx_word' id='word_1_21' title='bbox 668 525 886 562; x_wconf 88' lang='lat' dir='ltr'>numero</span> <span class='ocrx_word' id='word_1_22' title='bbox 915 502 1069 556; x_wconf 84' lang='lat' dir='ltr'>facile</span> <span class='ocrx_word' id='word_1_23' title='bbox 1103 499 1321 572; x_wconf 85' lang='lat' dir='ltr'><strong>praestet.</strong></span> <span class='ocrx_word' id='word_1_24' title='bbox 1371 500 1437 551; x_wconf 93' lang='lat' dir='ltr'>Id</span> 
     </span>
     <span class='ocr_line' id='line_1_5' title="bbox 145 593 1438 679; baseline -0.022 -11"><span class='ocrx_word' id='word_1_25' title='bbox 145 630 263 668; x_wconf 82' lang='lat' dir='ltr'>vero</span> <span class='ocrx_word' id='word_1_26' title='bbox 297 614 395 664; x_wconf 89' lang='lat' dir='ltr'>hoc</span> <span class='ocrx_word' id='word_1_27' title='bbox 416 618 718 679; x_wconf 84' lang='lat' dir='ltr'>argumento</span> <span class='ocrx_word' id='word_1_28' title='bbox 769 618 853 651; x_wconf 89' lang='lat' dir='ltr'>me</span> <span class='ocrx_word' id='word_1_29' title='bbox 878 596 1043 649; x_wconf 81' lang='lat' dir='ltr'>cuivis</span> <span class='ocrx_word' id='word_1_30' title='bbox 1076 593 1287 645; x_wconf 86' lang='lat' dir='ltr'>facilius</span> <span class='ocrx_word' id='word_1_31' title='bbox 1314 611 1438 663; x_wconf 90' lang='lat' dir='ltr'>pro-</span> 
     </span>
     <span class='ocr_line' id='line_1_6' title="bbox 142 683 1434 768; baseline -0.019 -13"><span class='ocrx_word' id='word_1_32' title='bbox 142 705 381 755; x_wconf 84' lang='lat' dir='ltr'>baturum</span> <span class='ocrx_word' id='word_1_33' title='bbox 405 708 538 768; x_wconf 72' lang='lat' dir='ltr'>puto</span> <span class='ocrx_word' id='word_1_34' title='bbox 569 732 583 755; x_wconf 90' lang='lat'><strong><em>,</em></strong></span> <span class='ocrx_word' id='word_1_35' title='bbox 624 692 762 762; x_wconf 91' lang='lat' dir='ltr'>quod</span> <span class='ocrx_word' id='word_1_36' title='bbox 788 690 905 743; x_wconf 79' lang='lat' dir='ltr'>Rex</span> <span class='ocrx_word' id='word_1_37' title='bbox 933 689 988 739; x_wconf 88' lang='lat' dir='ltr'>in</span> <span class='ocrx_word' id='word_1_38' title='bbox 1017 683 1288 737; x_wconf 84' lang='lat' dir='ltr'>ordinariis</span> <span class='ocrx_word' id='word_1_39' title='bbox 1317 697 1434 733; x_wconf 83' lang='lat' dir='ltr'>tan-</span> 
     </span>
     <span class='ocr_line' id='line_1_7' title="bbox 143 778 1432 856; baseline -0.019 -6"><span class='ocrx_word' id='word_1_40' title='bbox 143 811 257 849; x_wconf 91' lang='lat' dir='ltr'>tum</span> <span class='ocrx_word' id='word_1_41' title='bbox 324 793 601 847; x_wconf 84' lang='lat' dir='ltr'>navalibus</span> <span class='ocrx_word' id='word_1_42' title='bbox 654 782 1069 856; x_wconf 79' lang='lat' dir='ltr'>expeditionibus</span> <span class='ocrx_word' id='word_1_43' title='bbox 1139 797 1291 830; x_wconf 85' lang='lat' dir='ltr'>naves</span> <span class='ocrx_word' id='word_1_44' title='bbox 1315 778 1432 849; x_wconf 86' lang='lat' dir='ltr'>plu-</span> 
     </span>
     <span class='ocr_line' id='line_1_8' title="bbox 137 874 1432 952; baseline -0.016 -8"><span class='ocrx_word' id='word_1_45' title='bbox 137 911 217 944; x_wconf 83' lang='lat' dir='ltr'>res</span> <span class='ocrx_word' id='word_1_46' title='bbox 250 889 484 942; x_wconf 88' lang='lat' dir='ltr'>ducentis</span> <span class='ocrx_word' id='word_1_47' title='bbox 507 884 747 936; x_wconf 87' lang='lat' dir='ltr'>omniurn</span> <span class='ocrx_word' id='word_1_48' title='bbox 785 896 1033 952; x_wconf 83' lang='lat' dir='ltr'><strong>generum</strong></span> <span class='ocrx_word' id='word_1_49' title='bbox 1061 891 1311 947; x_wconf 87' lang='lat' dir='ltr'>perpetuo</span> <span class='ocrx_word' id='word_1_50' title='bbox 1349 874 1432 924; x_wconf 87' lang='lat' dir='ltr'>in-</span> 
     </span>
     <span class='ocr_line' id='line_1_9' title="bbox 140 966 1434 1050; baseline -0.015 -15"><span class='ocrx_word' id='word_1_51' title='bbox 140 983 332 1035; x_wconf 68' lang='lat' dir='ltr'>struE&#39;m</span> <span class='ocrx_word' id='word_1_52' title='bbox 351 1019 367 1042; x_wconf 92' lang='lat'>‚</span> <span class='ocrx_word' id='word_1_53' title='bbox 396 979 698 1050; x_wconf 82' lang='lat' dir='ltr'>optimeque</span> <span class='ocrx_word' id='word_1_54' title='bbox 720 987 938 1028; x_wconf 85' lang='lat' dir='ltr'>armatas</span> <span class='ocrx_word' id='word_1_55' title='bbox 965 973 1018 1024; x_wconf 88' lang='lat' dir='ltr'>in</span> <span class='ocrx_word' id='word_1_56' title='bbox 1044 969 1183 1029; x_wconf 83' lang='lat' dir='ltr'>Afia,</span> <span class='ocrx_word' id='word_1_57' title='bbox 1211 966 1391 1019; x_wconf 80' lang='lat' dir='ltr'>Africa</span> <span class='ocrx_word' id='word_1_58' title='bbox 1414 1002 1434 1026; x_wconf 87' lang='lat'><strong>,</strong></span> 
     </span>
     <span class='ocr_line' id='line_1_10' title="bbox 140 1065 1429 1145; baseline -0.011 -19"><span class='ocrx_word' id='word_1_59' title='bbox 140 1074 450 1145; x_wconf 83' lang='lat' dir='ltr'>Europaque</span> <span class='ocrx_word' id='word_1_60' title='bbox 500 1073 687 1123; x_wconf 85' lang='lat' dir='ltr'>habere</span> <span class='ocrx_word' id='word_1_61' title='bbox 730 1069 956 1139; x_wconf 82' lang='lat' dir='ltr'>cogitur.</span> <span class='ocrx_word' id='word_1_62' title='bbox 999 1065 1226 1133; x_wconf 11' lang='lat' dir='ltr'>Tribus*</span> <span class='ocrx_word' id='word_1_63' title='bbox 1253 1076 1429 1114; x_wconf 87' lang='lat' dir='ltr'>autem</span> 
     </span>
     <span class='ocr_line' id='line_1_11' title="bbox 138 1156 1425 1227; baseline -0.008 -14"><span class='ocrx_word' id='word_1_64' title='bbox 138 1163 322 1214; x_wconf 87' lang='lat' dir='ltr'>harum</span> <span class='ocrx_word' id='word_1_65' title='bbox 360 1162 551 1213; x_wconf 86' lang='lat' dir='ltr'>aedium</span> <span class='ocrx_word' id='word_1_66' title='bbox 584 1161 729 1210; x_wconf 79' lang='lat' dir='ltr'>cellis</span> <span class='ocrx_word' id='word_1_67' title='bbox 756 1159 1095 1227; x_wconf 80' lang='lat' dir='ltr'>quadraginta</span> <span class='ocrx_word' id='word_1_68' title='bbox 1120 1156 1291 1206; x_wconf 79' lang='lat' dir='ltr'>millia</span> <span class='ocrx_word' id='word_1_69' title='bbox 1333 1172 1425 1223; x_wconf 86' lang='lat' dir='ltr'>pe-</span> 
     </span>
     <span class='ocr_line' id='line_1_12' title="bbox 139 1251 1425 1323; baseline -0.005 -16"><span class='ocrx_word' id='word_1_70' title='bbox 139 1258 307 1309; x_wconf 90' lang='lat' dir='ltr'>ditum</span> <span class='ocrx_word' id='word_1_71' title='bbox 331 1273 595 1308; x_wconf 87' lang='lat' dir='ltr'>armorum</span> <span class='ocrx_word' id='word_1_72' title='bbox 621 1271 834 1323; x_wconf 86' lang='lat' dir='ltr'>corpora</span> <span class='ocrx_word' id='word_1_73' title='bbox 863 1289 877 1311; x_wconf 90' lang='lat'><em>,</em></span> <span class='ocrx_word' id='word_1_74' title='bbox 919 1269 977 1302; x_wconf 86' lang='lat' dir='ltr'>ac</span> <span class='ocrx_word' id='word_1_75' title='bbox 1002 1251 1100 1300; x_wconf 81' lang='lat' dir='ltr'>tria</span> <span class='ocrx_word' id='word_1_76' title='bbox 1142 1251 1308 1301; x_wconf 82' lang='lat' dir='ltr'>millia</span> <span class='ocrx_word' id='word_1_77' title='bbox 1335 1268 1425 1301; x_wconf 82' lang='lat' dir='ltr'>ca-</span> 
     </span>
     <span class='ocr_line' id='line_1_13' title="bbox 140 1345 1430 1420; baseline -0.005 -18"><span class='ocrx_word' id='word_1_78' title='bbox 140 1350 529 1420; x_wconf 61' lang='lat' dir='ltr'>taphrae‘mrum</span> <span class='ocrx_word' id='word_1_79' title='bbox 576 1349 778 1417; x_wconf 77' lang='lat' dir='ltr'>integra</span> <span class='ocrx_word' id='word_1_80' title='bbox 803 1345 938 1416; x_wconf 79' lang='lat' dir='ltr'>quasi</span> <span class='ocrx_word' id='word_1_81' title='bbox 966 1365 1028 1398; x_wconf 87' lang='lat' dir='ltr'>ex</span> <span class='ocrx_word' id='word_1_82' title='bbox 1055 1345 1279 1417; x_wconf 77' lang='lat' dir='ltr'>deposlto</span> <span class='ocrx_word' id='word_1_83' title='bbox 1307 1345 1430 1396; x_wconf 87' lang='lat' dir='ltr'>dili-</span> 
     </span>
     <span class='ocr_line' id='line_1_14' title="bbox 138 1439 1423 1511; baseline -0.002 -19"><span class='ocrx_word' id='word_1_84' title='bbox 138 1441 441 1511; x_wconf 84' lang='lat' dir='ltr'>gentiffime,</span> <span class='ocrx_word' id='word_1_85' title='bbox 465 1439 861 1507; x_wconf 80' lang='lat' dir='ltr'>nitidiffimeque</span> <span class='ocrx_word' id='word_1_86' title='bbox 889 1439 1261 1499; x_wconf 85' lang='lat' dir='ltr'>costudiuntur,</span> <span class='ocrx_word' id='word_1_87' title='bbox 1291 1457 1423 1507; x_wconf 84' lang='lat' dir='ltr'>prae-</span> 
     </span>
     <span class='ocr_line' id='line_1_15' title="bbox 137 1531 1421 1601; baseline 0.002 -18"><span class='ocrx_word' id='word_1_88' title='bbox 137 1546 214 1585; x_wconf 83' lang='lat' dir='ltr'>ter</span> <span class='ocrx_word' id='word_1_89' title='bbox 237 1552 320 1591; x_wconf 81' lang='lat' dir='ltr'>ea,</span> <span class='ocrx_word' id='word_1_90' title='bbox 341 1551 454 1601; x_wconf 86' lang='lat' dir='ltr'>quae</span> <span class='ocrx_word' id='word_1_91' title='bbox 473 1531 536 1581; x_wconf 78' lang='lat' dir='ltr'>ad</span> <span class='ocrx_word' id='word_1_92' title='bbox 565 1531 890 1599; x_wconf 79' lang='lat' dir='ltr'>quotidianos</span> <span class='ocrx_word' id='word_1_93' title='bbox 917 1533 966 1583; x_wconf 73' lang='grc' dir='ltr'>δε</span> <span class='ocrx_word' id='word_1_94' title='bbox 991 1536 1421 1586; x_wconf 75' lang='lat' dir='ltr'>extraordinarios</span> 
     </span>
     <span class='ocr_line' id='line_1_16' title="bbox 133 1625 1418 1701; baseline 0.002 -23"><span class='ocrx_word' id='word_1_95' title='bbox 133 1641 306 1678; x_wconf 81' lang='lat' dir='ltr'>motus</span> <span class='ocrx_word' id='word_1_96' title='bbox 327 1627 719 1694; x_wconf 81' lang='lat' dir='ltr'>depromuntur.</span> <span class='ocrx_word' id='word_1_97' title='bbox 743 1625 1079 1678; x_wconf 81' lang='lat' dir='ltr'>Bombardici</span> <span class='ocrx_word' id='word_1_98' title='bbox 1102 1649 1307 1698; x_wconf 88' lang='lat' dir='ltr'>quoque</span> <span class='ocrx_word' id='word_1_99' title='bbox 1327 1651 1418 1701; x_wconf 78' lang='lat' dir='ltr'>ge-</span> 
     </span>
     <span class='ocr_line' id='line_1_17' title="bbox 131 1717 1413 1789; baseline 0.003 -18"><span class='ocrx_word' id='word_1_100' title='bbox 131 1720 267 1771; x_wconf 84' lang='lat' dir='ltr'>neris</span> <span class='ocrx_word' id='word_1_101' title='bbox 321 1717 610 1770; x_wconf 87' lang='lat' dir='ltr'>Mortarios</span> <span class='ocrx_word' id='word_1_102' title='bbox 636 1756 649 1778; x_wconf 91' lang='lat'><strong><em>‚</em></strong></span> <span class='ocrx_word' id='word_1_103' title='bbox 704 1718 1016 1789; x_wconf 82' lang='lat' dir='ltr'>Scorpiones</span> <span class='ocrx_word' id='word_1_104' title='bbox 1045 1759 1059 1780; x_wconf 92' lang='lat'><em>,</em></span> <span class='ocrx_word' id='word_1_105' title='bbox 1104 1721 1370 1775; x_wconf 81' lang='lat' dir='ltr'>Bafiliscos</span> <span class='ocrx_word' id='word_1_106' title='bbox 1399 1763 1413 1783; x_wconf 89' lang='lat'>,</span> 
     </span>
     <span class='ocr_line' id='line_1_18' title="bbox 133 1807 1410 1873; baseline 0.002 -11"><span class='ocrx_word' id='word_1_107' title='bbox 133 1810 339 1862; x_wconf 84' lang='lat' dir='ltr'>Leones</span> <span class='ocrx_word' id='word_1_108' title='bbox 365 1845 380 1867; x_wconf 88' lang='lat'>,</span> <span class='ocrx_word' id='word_1_109' title='bbox 404 1807 727 1860; x_wconf 84' lang='lat' dir='ltr'>Colubrinos</span> <span class='ocrx_word' id='word_1_110' title='bbox 760 1849 772 1869; x_wconf 90' lang='lat'>,</span> <span class='ocrx_word' id='word_1_111' title='bbox 803 1809 1054 1862; x_wconf 80' lang='lat' dir='ltr'>Camelos</span> <span class='ocrx_word' id='word_1_112' title='bbox 1082 1851 1096 1872; x_wconf 92' lang='lat'>,</span> <span class='ocrx_word' id='word_1_113' title='bbox 1126 1813 1380 1865; x_wconf 80' lang='lat' dir='ltr'>Petrarios</span> <span class='ocrx_word' id='word_1_114' title='bbox 1398 1853 1410 1873; x_wconf 89' lang='lat'>‚</span> 
     </span>
     <span class='ocr_line' id='line_1_19' title="bbox 136 1896 1411 1975; baseline 0.008 -29"><span class='ocrx_word' id='word_1_115' title='bbox 136 1896 466 1964; x_wconf 86' lang='lat' dir='ltr'>Dispersores</span> <span class='ocrx_word' id='word_1_116' title='bbox 496 1937 511 1959; x_wconf 90' lang='lat'>,</span> <span class='ocrx_word' id='word_1_117' title='bbox 539 1901 892 1971; x_wconf 85' lang='lat' dir='ltr'>Ruptoresque</span> <span class='ocrx_word' id='word_1_118' title='bbox 939 1906 1185 1956; x_wconf 85' lang='lat' dir='ltr'>inufitatae</span> <span class='ocrx_word' id='word_1_119' title='bbox 1207 1908 1411 1975; x_wconf 79' lang='lat' dir='ltr'>magni-</span> 
     </span>
     <span class='ocr_line' id='line_1_20' title="bbox 132 1986 1407 2061; baseline 0.009 -26"><span class='ocrx_word' id='word_1_120' title='bbox 132 1986 324 2038; x_wconf 86' lang='lat' dir='ltr'>tudinis</span> <span class='ocrx_word' id='word_1_121' title='bbox 347 2025 363 2044; x_wconf 90' lang='lat'>,</span> <span class='ocrx_word' id='word_1_122' title='bbox 383 1989 433 2038; x_wconf 73' lang='grc' dir='ltr'>δε</span> <span class='ocrx_word' id='word_1_123' title='bbox 453 1991 691 2057; x_wconf 85' lang='lat' dir='ltr'>ponderis</span> <span class='ocrx_word' id='word_1_124' title='bbox 721 2029 736 2050; x_wconf 88' lang='lat'><em>‚</em></span> <span class='ocrx_word' id='word_1_125' title='bbox 765 2005 875 2043; x_wconf 86' lang='lat' dir='ltr'>tum</span> <span class='ocrx_word' id='word_1_126' title='bbox 904 1995 1219 2061; x_wconf 84' lang='lat' dir='ltr'>reliquorum</span> <span class='ocrx_word' id='word_1_127' title='bbox 1247 1996 1407 2046; x_wconf 81' lang='lat' dir='ltr'>etiam</span> 
     </span>
    </p>

    <p class='ocr_par' dir='ltr' id='par_1_3' title="bbox 130 2077 1406 2150">
     <span class='ocr_line' id='line_1_21' title="bbox 130 2077 1406 2150; baseline 0.007 -22"><span class='ocrx_word' id='word_1_128' title='bbox 130 2077 420 2145; x_wconf 80' lang='lat' dir='ltr'>vulgarium</span> <span class='ocrx_word' id='word_1_129' title='bbox 444 2078 705 2131; x_wconf 84' lang='lat' dir='ltr'>miffilium</span> <span class='ocrx_word' id='word_1_130' title='bbox 732 2119 745 2140; x_wconf 92' lang='lat'><em>,</em></span> <span class='ocrx_word' id='word_1_131' title='bbox 780 2101 908 2150; x_wconf 82' lang='lat' dir='ltr'>quos</span> <span class='ocrx_word' id='word_1_132' title='bbox 953 2083 1204 2136; x_wconf 77' lang='lat' dir='ltr'>Falcones</span> <span class='ocrx_word' id='word_1_133' title='bbox 1236 2123 1249 2144; x_wconf 88' lang='lat'>‚</span> <span class='ocrx_word' id='word_1_134' title='bbox 1284 2084 1406 2136; x_wconf 83' lang='lat' dir='ltr'>Ber-</span> 
     </span>
    </p>

    <p class='ocr_par' dir='ltr' id='par_1_4' title="bbox 130 2165 1402 2242">
     <span class='ocr_line' id='line_1_22' title="bbox 130 2165 1402 2242; baseline 0.01 -27"><span class='ocrx_word' id='word_1_135' title='bbox 130 2166 237 2216; x_wconf 85' lang='lat' dir='ltr'>cios</span> <span class='ocrx_word' id='word_1_136' title='bbox 266 2204 281 2225; x_wconf 89' lang='lat'><em>,</em></span> <span class='ocrx_word' id='word_1_137' title='bbox 311 2165 652 2238; x_wconf 88' lang='lat' dir='ltr'>Sclopposque</span> <span class='ocrx_word' id='word_1_138' title='bbox 704 2173 882 2242; x_wconf 83' lang='lat' dir='ltr'>vulgus</span> <span class='ocrx_word' id='word_1_139' title='bbox 909 2176 1165 2242; x_wconf 74' lang='lat' dir='ltr'>appellat:</span> <span class='ocrx_word' id='word_1_140' title='bbox 1211 2176 1402 2227; x_wconf 84' lang='lat' dir='ltr'>Pulue-</span> 
     </span>
    </p>

    <p class='ocr_par' dir='ltr' id='par_1_5' title="bbox 127 2257 1400 2337">
     <span class='ocr_line' id='line_1_23' title="bbox 127 2257 1400 2337; baseline 0.01 -31"><span class='ocrx_word' id='word_1_141' title='bbox 127 2257 197 2307; x_wconf 77' lang='lat' dir='ltr'>ris</span> <span class='ocrx_word' id='word_1_142' title='bbox 234 2257 360 2307; x_wconf 86' lang='lat' dir='ltr'>item</span> <span class='ocrx_word' id='word_1_143' title='bbox 391 2295 405 2316; x_wconf 90' lang='lat'>,</span> <span class='ocrx_word' id='word_1_144' title='bbox 442 2260 492 2310; x_wconf 84' lang='lat'>&amp;</span> <span class='ocrx_word' id='word_1_145' title='bbox 517 2260 786 2329; x_wconf 84' lang='lat' dir='ltr'>globorum</span> <span class='ocrx_word' id='word_1_146' title='bbox 827 2275 934 2314; x_wconf 87' lang='lat' dir='ltr'>tam</span> <span class='ocrx_word' id='word_1_147' title='bbox 960 2283 1026 2316; x_wconf 77' lang='lat' dir='ltr'>ex</span> <span class='ocrx_word' id='word_1_148' title='bbox 1059 2266 1180 2317; x_wconf 77' lang='lat' dir='ltr'>saxo</span> <span class='ocrx_word' id='word_1_149' title='bbox 1200 2307 1212 2326; x_wconf 93' lang='lat'><em>,</em></span> <span class='ocrx_word' id='word_1_150' title='bbox 1244 2286 1400 2337; x_wconf 75' lang='lat' dir='ltr'>quam</span> 
     </span>
    </p>

    <p class='ocr_par' dir='ltr' id='par_1_6' title="bbox 127 2345 1391 2427">
     <span class='ocr_line' id='line_1_24' title="bbox 127 2345 1391 2427; baseline 0.013 -31"><span class='ocrx_word' id='word_1_151' title='bbox 127 2364 193 2397; x_wconf 76' lang='lat' dir='ltr'>ex</span> <span class='ocrx_word' id='word_1_152' title='bbox 233 2345 366 2398; x_wconf 89' lang='lat' dir='ltr'>ferro</span> <span class='ocrx_word' id='word_1_153' title='bbox 412 2363 605 2402; x_wconf 84' lang='lat' dir='ltr'><strong>tantam</strong></span> <span class='ocrx_word' id='word_1_154' title='bbox 655 2355 761 2406; x_wconf 80' lang='lat' dir='ltr'>vim</span> <span class='ocrx_word' id='word_1_155' title='bbox 799 2357 849 2407; x_wconf 68' lang='grc' dir='ltr'>ὅτ</span> <span class='ocrx_word' id='word_1_156' title='bbox 886 2359 1100 2427; x_wconf 86' lang='lat' dir='ltr'>copiam</span> <span class='ocrx_word' id='word_1_157' title='bbox 1152 2361 1391 2413; x_wconf 75' lang='lat' dir='ltr'>afferuari</span> 
     </span>
    </p>

    <p class='ocr_par' dir='ltr' id='par_1_7' title="bbox 126 2443 1393 2518">
     <span class='ocr_line' id='line_1_25' title="bbox 126 2443 1393 2518; baseline 0.009 -31"><span class='ocrx_word' id='word_1_158' title='bbox 126 2454 450 2506; x_wconf 88' lang='lat' dir='ltr'>compertum</span> <span class='ocrx_word' id='word_1_159' title='bbox 475 2443 543 2494; x_wconf 87' lang='lat' dir='ltr'>est</span> <span class='ocrx_word' id='word_1_160' title='bbox 570 2483 586 2504; x_wconf 89' lang='lat'><em>‚</em></span> <span class='ocrx_word' id='word_1_161' title='bbox 607 2458 659 2496; x_wconf 87' lang='lat' dir='ltr'>vt</span> <span class='ocrx_word' id='word_1_162' title='bbox 688 2445 721 2497; x_wconf 85' lang='lat' dir='ltr'>fi</span> <span class='ocrx_word' id='word_1_163' title='bbox 747 2445 963 2518; x_wconf 84' lang='lat' dir='ltr'>fingulas</span> <span class='ocrx_word' id='word_1_164' title='bbox 993 2452 1229 2503; x_wconf 85' lang='lat' dir='ltr'>omnium</span> <span class='ocrx_word' id='word_1_165' title='bbox 1254 2492 1268 2513; x_wconf 93' lang='lat'><em>,</em></span> <span class='ocrx_word' id='word_1_166' title='bbox 1313 2456 1393 2507; x_wconf 77' lang='lat' dir='ltr'>di..</span> 
     </span>
    </p>

    <p class='ocr_par' dir='ltr' id='par_1_8' title="bbox 124 2528 1395 2617">
     <span class='ocr_line' id='line_1_26' title="bbox 124 2528 1395 2617; baseline 0.01 -31"><span class='ocrx_word' id='word_1_167' title='bbox 124 2528 381 2598; x_wconf 64' lang='lat' dir='ltr'>versasque</span> <span class='ocrx_word' id='word_1_168' title='bbox 430 2533 622 2588; x_wconf 84' lang='lat' dir='ltr'>formas</span> <span class='ocrx_word' id='word_1_169' title='bbox 665 2575 679 2598; x_wconf 88' lang='lat'><strong>,</strong></span> <span class='ocrx_word' id='word_1_170' title='bbox 721 2558 995 2594; x_wconf 84' lang='lat' dir='ltr'>numerum</span> <span class='ocrx_word' id='word_1_171' title='bbox 1035 2584 1050 2605; x_wconf 92' lang='lat'><strong><em>,</em></strong></span> <span class='ocrx_word' id='word_1_172' title='bbox 1095 2548 1395 2617; x_wconf 83' lang='lat' dir='ltr'>pondusque</span> 
     </span>
    </p>
   </div>
   <div class='ocr_carea' id='block_1_3' title="bbox 119 2631 1391 2785">
    <p class='ocr_par' dir='ltr' id='par_1_9' title="bbox 119 2631 1391 2785">
     <span class='ocr_line' id='line_1_27' title="bbox 119 2631 1391 2701; baseline 0.013 -27"><span class='ocrx_word' id='word_1_173' title='bbox 119 2642 208 2698; x_wconf 79' lang='lat' dir='ltr'>per</span> <span class='ocrx_word' id='word_1_174' title='bbox 251 2638 417 2694; x_wconf 78' lang='lat' dir='ltr'>partes</span> <span class='ocrx_word' id='word_1_175' title='bbox 445 2631 699 2699; x_wconf 80' lang='lat' dir='ltr'>explicare</span> <span class='ocrx_word' id='word_1_176' title='bbox 748 2653 941 2701; x_wconf 81' lang='lat' dir='ltr'>coner,</span> <span class='ocrx_word' id='word_1_177' title='bbox 980 2659 1152 2693; x_wconf 82' lang='lat' dir='ltr'>verear</span> <span class='ocrx_word' id='word_1_178' title='bbox 1192 2663 1255 2694; x_wconf 82' lang='lat' dir='ltr'>ne</span> <span class='ocrx_word' id='word_1_179' title='bbox 1292 2644 1391 2693; x_wconf 56' lang='lat' dir='ltr'>ful-</span> 
     </span>
     <span class='ocr_line' id='line_1_28' title="bbox 1309 2733 1362 2785; baseline 0.075 -4"><span class='ocrx_word' id='word_1_180' title='bbox 1309 2733 1362 2785; x_wconf 66' lang='lat' dir='ltr'>sa</span> 
     </span>
    </p>
   </div>
  </div>
 </body>
</html>
