1931 3239
348 225 424 261 ΒΕ
457 220 646 260 nuto
680 218 1014 257 cAMBArco
1043 219 1169 257 sne.
1289 217 1393 274 375

148 329 257 384 stris
289 333 348 384 ad
375 328 553 397 oppidi
594 326 774 378 fossam
801 326 1039 394 cognitus
1065 326 1180 374 esset
1210 361 1222 382 ,
1271 321 1441 374 fortis-

148 430 270 482 fime
293 427 514 480 resistens
541 423 845 475 intersedius
868 420 955 473 est.
1004 419 1069 470 In
1096 421 1276 471 eodem
1309 442 1439 491 quo-

146 544 245 597 que
270 529 387 578 loco
414 525 722 575 Audecanus
745 558 757 579 ‚
790 520 874 589 qui
912 518 1104 588 pridie,
1133 537 1285 588 quam
1312 541 1443 590 prae-

150 628 282 678 lium
329 623 656 683 commissum
683 619 800 670 esset
830 657 842 677 ,
871 637 992 668 cum
1029 619 1257 688 quinque
1284 625 1445 676 milli-

154 722 250 772 bus
292 718 524 769 militum
574 715 629 764 in
670 711 826 762 castra
875 723 1119 769 venerat,
1177 729 1273 762 vna
1325 731 1448 768 cum

155 812 450 866 Hidalcano
478 822 807 858 externorum
857 804 1087 856 militum
1138 805 1265 856 duce
1308 811 1451 862 occi-

143 908 225 962 sus
249 909 336 960 est.
367 907 474 959 Alii
492 920 730 976 praeterea
754 918 971 972 quatuor
999 901 1157 969 Regis
1176 899 1445 961 Cambaiae

146 1003 331 1057 strenui
359 1002 513 1051 duces
559 999 629 1049 ibi
660 995 919 1047 desiderati
950 993 1082 1044 sunt.
1130 993 1447 1052 luzarcanus

145 1097 318 1149 iunior
346 1110 437 1165 pro
464 1094 599 1144 virili
645 1093 902 1143 dimicans
930 1090 1078 1140 vinus
1109 1104 1290 1158 captus
1333 1090 1401 1142 est
1432 1128 1446 1148 .

142 1190 193 1239 &
219 1207 404 1256 magna
445 1198 565 1237 curn
616 1185 898 1236 reuerentia
950 1183 1184 1252 Protegis
1238 1185 1363 1236 iussu
1414 1201 1446 1237 a

142 1278 433 1331 custodibus
458 1276 703 1328 seruatur.
749 1274 896 1325 Solus
924 1289 1096 1326 autem
1129 1294 1192 1326 ex
1226 1277 1444 1326 ducibus

144 1371 417 1444 praecipuis
447 1367 813 1421 Moiatecanus
848 1387 1040 1437 equum
1087 1370 1265 1420 mustus
1298 1409 1310 1429 ,
1354 1384 1445 1438 per

145 1480 360 1537 pontem
390 1503 404 1524 ‚
432 1465 591 1515 citato
616 1462 763 1513 cursu
792 1462 966 1514 euasit.
1011 1463 1236 1533 Regium
1280 1461 1448 1515 Cam-

143 1560 272 1610 baiae
319 1557 570 1608 vexillum
610 1593 625 1614 ,
651 1574 805 1625 atque
857 1556 1000 1625 plura
1045 1556 1287 1607 militaria
1312 1558 1453 1627 signa.

141 1653 206 1703 ad
257 1650 529 1719 Proregem
580 1648 743 1699 delata
794 1647 927 1699 sunt.
974 1649 1090 1701 Iam
1139 1652 1448 1718 promiscua:

142 1739 491 1790 multitudinis
523 1776 538 1798 ‚
589 1740 816 1792 virorum
845 1777 859 1800 ,
890 1742 1272 1812 mulierumque
1320 1781 1333 1801 ,
1396 1744 1448 1794 &

145 1850 423 1901 puerorum
467 1834 857 1884 interfeROrum
899 1853 1171 1886 numerum
1218 1835 1448 1884 immen-

143 1925 256 1976 sum
283 1963 296 1984 ‚
350 1926 398 1975 δε
424 1923 770 1975 miserandum
819 1926 962 1975 fuiffe
990 1928 1181 1978 constat
1216 1921 1449 1991 ‚quibus

141 2018 308 2069 rabies
352 2017 605 2076 militum,
630 2019 679 2068 ὃ(
706 2016 804 2067 suis
827 2031 973 2069 antea
1000 2018 1151 2070 malis
1181 2055 1195 2076 ,
1224 2020 1271 2068 ἃ
1301 2029 1439 2065 nunc

145 2108 405 2160 sociorum
457 2111 711 2160 mortibus
757 2111 950 2162 irritata
991 2151 1005 2172 ‚
1059 2111 1200 2163 nulla
1250 2109 1448 2160 ratione

139 2220 347 2271 parcere
375 2202 628 2253 sustinuit.
674 2201 885 2272 Quippe
913 2223 1017 2255 non
1045 2204 1207 2254 solum
1236 2220 1342 2252 nou
1371 2201 1439 2250 ab

140 2292 427 2343 infantibus
454 2327 468 2353 ,
513 2308 599 2344 aut
645 2296 869 2364 grauidis
913 2297 1195 2347 mulierum
1241 2293 1397 2343 vteris
1426 2331 1441 2352 ,

140 2386 225 2438 sed
245 2409 307 2440 ne
330 2392 489 2441 brutis
509 2393 718 2460 quidem
739 2395 1087 2444 animantibus
1108 2392 1302 2442 ferrum
1330 2388 1446 2440 abs-

141 2481 299 2532 tinuit
340 2484 578 2536 militaris
616 2485 777 2538 furor.
822 2487 1027 2548 Reli&a
1070 2486 1184 2536 sunt
1234 2487 1296 2535 ab
1354 2485 1449 2533 ho·-

140 2577 296 2630 stibus
347 2578 524 2629 omnia
567 2592 824 2630 tormenta
877 2581 1063 2632 bellica
1094 2617 1107 2638 ,
1156 2578 1288 2626 inter
1334 2593 1449 2642 quae

142 2673 301 2723 etiam
338 2670 420 2722 leo
465 2670 554 2721 ille
596 2673 646 2724 δε
695 2669 953 2725 basiliscus
1005 2666 1146 2724 fuere
1174 2708 1188 2730 ‚
1249 2668 1338 2736 qui
1390 2668 1454 2720 ad

385 2766 395 2772 ’
737 2763 820 2816 Ce
1257 2758 1412 2812 Tho-
