1965 3256
545 243 651 298 274
886 243 1169 281 DAMIAM
1212 244 1252 281 A
1296 243 1445 281 Gosss

517 366 671 416 quam
720 345 1042 401 Sacramenta
1085 351 1321 402 Ecclefiae
1383 345 1752 403 interdicuntur
1778 357 1797 412 ,’

512 443 603 494 nisi
653 457 853 494 tantum
898 458 1101 514 propter
1133 445 1434 498 homicidia.
1487 445 1665 515 Ipsum
1701 461 1796 493 no-

511 552 631 585 men
668 534 1039 588 patriarchatus
1071 575 1082 594 ,
1120 537 1286 588 nostro
1326 538 1573 590 idiomate
1614 535 1800 586 Abun-

507 646 574 677 na
607 627 813 679 dicitur.
860 627 1122 680 Caeterum
1157 630 1244 696 qui
1285 647 1417 679 nunc
1467 630 1564 680 hoc
1611 627 1798 680 solium

506 724 645 764 tenet
678 755 690 775 ,
719 718 923 788 proprio
946 720 1154 769 nomine
1187 756 1199 777 ‚
1246 719 1382 786 quod
1421 736 1485 769 ex
1519 717 1798 787 baptisma-

507 818 557 855 te
611 808 845 877 accepit,
904 809 1119 860 Marcus
1179 828 1422 870 vocatur,
1460 810 1537 861 vir
1588 822 1797 861 centum

506 912 756 949 annorum
782 937 795 957 ,
845 914 931 951 aut
967 901 1111 951 vltra.
1159 898 1432 952 Sciendum
1460 901 1617 952 etiam
1661 899 1797 968 apud

502 1009 595 1042 nos
618 989 861 1043 Calendis
888 992 1258 1059 septembribus
1288 1010 1481 1043 annum
1523 993 1749 1060 incipere
1785 1029 1801 1051 ‚

505 1088 595 1154 qui
630 1087 735 1137 dies
771 1087 967 1154 semper
1001 1086 1183 1137 incidit
1234 1087 1287 1135 in
1325 1085 1557 1155 vigiliam
1592 1083 1803 1133 Ioannis

507 1177 762 1247 Baptistae.
808 1179 1018 1248 Reliqui
1047 1180 1152 1230 dies
1186 1177 1296 1229 festi
1327 1215 1341 1237 ,
1380 1191 1434 1229 vt
1460 1174 1667 1229 Natalis
1693 1173 1808 1225 Do-

506 1272 637 1323 mini
661 1310 674 1331 ,
700 1270 903 1322 Paschae
931 1310 942 1331 ‚
985 1271 1174 1340 aliique
1195 1270 1432 1341 deinceps
1459 1269 1640 1320 eodem
1670 1279 1806 1316 tem-

511 1390 635 1441 pore
664 1369 800 1437 apud
839 1387 930 1419 nos
978 1368 1299 1419 celebrantur
1325 1406 1340 1428 ,
1364 1384 1467 1436 quo
1491 1366 1542 1416 in
1579 1365 1810 1423 Ecclesia

519 1464 779 1516 Romana.
827 1458 888 1510 Id
924 1477 1127 1529 quoque
1164 1459 1529 1510 diffimulanter
1573 1472 1813 1528 praetere·-

513 1561 717 1614 undum
745 1577 850 1610 non
891 1558 958 1609 est
986 1598 1001 1619 ‚
1039 1558 1171 1627 apud
1210 1577 1303 1610 nos
1356 1557 1555 1609 Divum
1607 1553 1811 1623 Philip-

511 1672 637 1726 pum
689 1650 989 1722 Apostolum
1024 1689 1039 1711 ,
1069 1650 1409 1720 Euangelium
1433 1650 1483 1699 &
1508 1647 1663 1698 fidem
1690 1644 1805 1694 Ser-

507 1748 701 1800 uatoris
736 1743 1000 1797 Cfflusrx
1045 1742 1350 1815 praedicaffe.
1395 1740 1556 1810 Qod
1594 1739 1628 1790 si
1654 1739 1811 1788 libeat

508 1842 754 1895 sciscitari
788 1843 848 1892 de
875 1841 1151 1910 agnomine
1189 1839 1341 1891 nostri
1370 1834 1702 1905 Imperatoris
1725 1870 1740 1893 ,
1766 1831 1811 1882 is

509 1936 600 1988 sibi
646 1932 935 2004 persuasum
975 1934 1198 1993 habeat,
1248 1932 1398 1983 illum
1431 1941 1678 2000 perpetuo
1717 1944 1810 1994 ap-

505 2027 685 2098 pellari
733 2023 1029 2076 Preciosum
1077 2024 1328 2076 Ioannem
1372 2061 1387 2083 ,
1437 2023 1488 2074 ὅτ,
1534 2039 1638 2071 non
1687 2016 1813 2069 Pre-

510 2111 768 2176 sbyterum
799 2109 1049 2159 Ioannem
1073 2147 1087 2169 ,
1115 2127 1167 2161 vt
1195 2111 1278 2162 hic
1302 2110 1428 2162 falso
1451 2111 1625 2179 passim
1651 2111 1814 2164 iacta-

510 2213 611 2253 tur.
653 2202 900 2254 Scribitur
938 2205 1079 2254 enim
1108 2205 1276 2256 nostro
1300 2203 1531 2256 sermone
1549 2203 1630 2254 his
1670 2222 1816 2257 cara·

533 2312 756 2364 &eribus
789 2291 1172 2401 xgjnsssffl„
1201 2350 1213 2371 ,
1241 2310 1378 2379 quod
1404 2306 1542 2358 sonat
1590 2305 1812 2360 Ioannes

509 2393 718 2458 Bellul,
764 2401 859 2449 hoc
911 2403 1016 2462 est,
1076 2405 1295 2455 Ioannes
1352 2400 1661 2460 Preciosus,
1712 2402 1815 2452 siue

513 2489 667 2541 Altus
701 2527 713 2549 ‚
772 2492 819 2541 δε
873 2494 924 2542 in
975 2493 1257 2549 Chaldaica
1299 2499 1475 2566 lingua
1518 2498 1584 2548 fic
1631 2495 1812 2547 scribi-

521 2602 603 2640 tur
624 2558 1112 2672 Ὲῖοεόἒῗῆ,
1155 2589 1291 2655 quod
1335 2590 1401 2639 est
1441 2590 1660 2640 Ioannes
1704 2585 1817 2636 En-

509 2694 622 2730 coe.
689 2679 803 2730 Id
776 2690 808 2731 il
836 2679 1179 2749 interpreteris
1199 2718 1212 2742 ‚
1262 2682 1416 2734 etiam
1447 2681 1659 2735 Ioannis
1685 2678 1815 2729 Pre-

1671 2774 1780 2826 cio-
