1931 3239
612 218 1038 259 EPISTOLA
1328 213 1434 284 389

169 333 276 379 tes,
305 321 355 373 &
385 321 524 371 vicos
560 359 574 381 ,
602 342 690 392 per
716 326 907 376 nostros
929 328 1200 394 praefee’tos
1226 369 1239 391 ,
1270 333 1466 384 claffes-

170 434 268 484 que
298 416 409 483 capi
437 453 448 474 ‚
493 417 681 487 diripi,
711 434 860 488 atque
897 422 1100 473 incendi
1130 444 1250 477 cum
1276 447 1463 498 magna

169 509 375 558 suorum
402 509 557 579 strage
589 548 602 570 ‚
650 512 845 561 audiret
876 550 888 571 ‚
918 513 971 564 in
1000 533 1221 583 quorum
1249 521 1462 588 direpti-

169 618 269 651 one
290 600 469 670 ingens
508 619 765 653 aeneorum
789 617 1164 654 tormentorum
1187 625 1427 661 numerus
1445 652 1458 671 ,

166 694 420 763 multique
463 696 632 746 bellici
659 711 926 766 apparatus
971 698 1204 751 anostris
1256 704 1464 755 inueni-

169 788 403 839 ebantur.
448 787 691 858 Cumque
738 809 843 841 non
887 792 1061 843 minus
1109 794 1459 865 intelligeret,

164 880 446 934 nostrorum
495 884 728 935 clastibus
754 924 767 945 ‚
792 884 968 937 infesta
995 887 1171 939 omnia
1199 891 1457 941 reddenti-

163 974 261 1025 bus
293 1014 307 1035 ,
337 994 488 1028 naues
517 992 858 1030 mercatorum
899 981 959 1030 ad
989 980 1140 1049 ipsuis
1166 987 1308 1053 regni
1337 1003 1458 1052 pur-

163 1076 245 1115 tus
290 1066 580 1119 nullatenus
625 1071 900 1130 accedere,
942 1090 1035 1123 nec
1084 1075 1216 1125 vltro
1261 1078 1458 1130 cltroue

171 1176 462 1210 commeare
500 1163 601 1213 iam
632 1166 812 1215 audere
837 1204 850 1224 ,
886 1167 1037 1235 idque
1090 1169 1296 1219 interim
1347 1190 1459 1222 ma-

161 1265 261 1317 gna
302 1251 413 1301 eius
453 1253 785 1322 vesstigalium
839 1255 1031 1309 iafftura
1084 1259 1330 1312 accidere.
1374 1262 1459 1312 Ad

160 1341 268 1393 haec
327 1363 446 1397 cum
483 1349 910 1404 animaduerteret
951 1353 1147 1406 maiora
1197 1356 1250 1406 in
1296 1356 1461 1426 poste-

161 1454 277 1488 rum
304 1457 367 1491 ex
396 1442 643 1496 eiusmodi
680 1447 824 1498 causa
850 1467 1006 1518 regno
1034 1449 1122 1501 suo
1150 1452 1333 1504 damna
1378 1454 1461 1504 in·-

160 1529 282 1582 stare
310 1571 325 1593 ,
364 1537 549 1604 quibus
599 1540 781 1592 deinde
821 1543 963 1594 omni
993 1546 1222 1614 potentia
1264 1566 1458 1618 nequa-

158 1636 313 1689 quam
340 1626 553 1678 refistere
580 1629 737 1697 poffet
761 1654 772 1684 ε
803 1651 922 1686 cum
946 1636 1053 1688 haec
1078 1640 1255 1691 omnia
1282 1641 1455 1694 secum

157 1732 416 1786 reputaret
445 1759 459 1781 ,
505 1723 694 1793 diuque
738 1739 912 1781 tamen
939 1731 1173 1783 dolorem
1217 1735 1456 1788 audac}er

161 1824 414 1879 premeret
444 1850 458 1871 ,
511 1816 598 1867 etsl
657 1837 921 1889 nunquam
977 1838 1124 1875 antea
1172 1824 1342 1879 secum
1392 1832 1454 1882 de

158 1922 283 1972 pace
309 1907 393 1976 agi
426 1909 588 1976 paffus
615 1911 778 1966 fuerat
804 1954 818 1976 ,
844 1919 906 1968 ad
943 1933 1234 1973 extremum
1279 1925 1447 1975 maio-

157 2014 212 2047 re
257 2011 398 2048 metu
449 2003 706 2068 perculsus
735 2044 748 2064 ‚
803 2010 1073 2062 confilium
1125 2013 1213 2063 fibi
1268 2018 1403 2086 cepit
1434 2055 1450 2079 ,

157 2089 423 2160 nostraque
443 2093 693 2165 imperata
718 2099 883 2155 facere
904 2142 918 2164 ,
972 2105 1243 2178 Diumque
1269 2111 1451 2164 dedere

156 2184 408 2251 cogitauit
433 2205 445 2235 ε
493 2186 725 2240 videlicet
751 2191 803 2243 in
830 2213 890 2245 eo
922 2213 1231 2267 magnorum
1260 2199 1447 2255 Aethi-

154 2275 288 2343 opiae
331 2273 565 2329 Orientis
599 2298 775 2351 regum
802 2321 817 2343 ,
844 2287 1230 2357 multorumque
1277 2289 1443 2342 Indiae¹

160 2370 485 2441 satraparum
529 2379 827 2448 exemplum
854 2382 1113 2455 sequutus.
1158 2386 1266 2456 Qi
1297 2386 1447 2437 nobis

159 2460 327 2531 (Deo
369 2466 617 2536 iuvante)
674 2471 916 2542 superiori
960 2492 1191 2551 tempore
1239 2483 1447 2534 obedire

152 2556 527 2623 appetiuerant‚
554 2563 707 2634 idque
734 2585 922 2639 magno
948 2570 1269 2626 Orthodoxae
1297 2575 1438 2633 fidei,

152 2650 545 2728 animarumque
576 2662 714 2715 bono
753 2682 990 2722 euenerat
1017 2708 1033 2730 ‚
1073 2689 1183 2740 quae
1220 2672 1446 2722 incredi-

1314 2785 1413 2866 biu-
