1998 3272
736 281 953 321 VITA
1295 290 1450 332 VIIII

225 387 685 450 scholasticorum
714 391 798 448 vis
822 392 1114 450 obstitisset
1137 439 1152 463 ,
1182 393 1464 454 instruen-

225 503 282 546 te
304 492 496 568 copias
517 539 533 563 ,
570 495 903 573 animosque
927 496 1131 553 adente
1156 496 1465 563 Damiano;

227 593 328 666 qui
372 613 510 654 cum
565 596 785 656 senatus
848 600 1163 676 populique
1233 601 1471 659 nomine

229 695 566 761 durantibus
591 701 838 758 induciis
869 701 939 758 ad
964 701 1146 759 hostes
1174 700 1430 760 exiuiffet
1454 749 1470 774 ,

233 797 294 854 &
323 799 394 856 ab
425 799 556 878 ipsis
597 803 656 860 in
686 802 915 861 vincula
953 803 1245 861 coniectus
1297 803 1429 861 esset
1456 851 1473 875 ‚

233 902 469 960 violatas
510 905 771 965 inducias
792 907 1181 977 causantibuS‚
1222 927 1359 965 cum
1387 908 1479 964 so-

235 1006 329 1064 cio
351 1006 450 1064 suo
478 1008 708 1069 Metero
745 1011 967 1068 duobus
998 1030 1298 1068 aureorum
1324 1009 1480 1066 lilio-

236 1128 368 1166 rum
405 1110 663 1170 millibus
702 1113 1036 1190 redemptus
1078 1113 1189 1171 est:
1217 1128 1277 1170 vt
1323 1128 1484 1190 terga

241 1212 476 1271 tandem
500 1216 684 1286 hostis,
703 1218 932 1275 verterit
955 1263 970 1286 ‚
1027 1219 1087 1275 &
1115 1218 1174 1274 in
1201 1217 1401 1296 fugam
1429 1214 1484 1274 se

242 1316 486 1377 dederit.
533 1317 709 1376 Cuius
736 1319 916 1376 etiam
964 1316 1187 1373 virtutis
1215 1315 1448 1372 nomine
1469 1357 1486 1380 ,

242 1422 451 1499 gratias
499 1422 734 1499 publice
760 1422 1015 1481 studiosis
1038 1420 1301 1478 Nannius
1333 1417 1493 1475 Rhe..

247 1539 340 1582 tor
366 1524 485 1603 egit
535 1544 599 1582 ea
615 1526 901 1596 oratione,
937 1545 1068 1602 quae
1119 1525 1178 1581 in
1223 1522 1491 1580 manibus

248 1628 363 1686 est:
406 1626 811 1703 descripsitque
861 1647 990 1684 eam
1035 1625 1216 1704 ipsam
1239 1621 1496 1681 obsidio-

248 1750 387 1789 nem
416 1729 734 1788 Damianus
768 1729 1065 1809 Olifipone
1083 1776 1099 1801 ,
1121 1743 1182 1786 vt
1200 1730 1259 1786 δε
1283 1727 1497 1785 Gelro-

249 1834 519 1915 gallicam
560 1834 720 1890 illam
767 1834 1224 1892 coniurationem
1266 1875 1283 1899 ,
1329 1829 1488 1886 obfi-

253 1937 601 2014 dionemque
629 1936 1110 2012 Antuerpiensem
1149 1933 1237 1990 Io.
1259 1930 1497 1987 Seruili-

255 2058 324 2096 us
347 2086 362 2109 ,
412 2037 595 2095 verius
625 2036 755 2093 sane
802 2032 1192 2114 copiosiusque
1223 2047 1454 2086 narrans
1486 2073 1504 2098 ‚

255 2162 433 2220 quam
462 2140 521 2197 in
544 2139 625 2198 sui
653 2140 923 2217 temporis
949 2136 1271 2194 Annalibus
1298 2179 1313 2202 ,
1349 2131 1502 2188 Pau-

257 2244 344 2303 lus
367 2244 581 2301 Iouius,
629 2243 899 2301 Ceterum
931 2239 1003 2298 de
1029 2237 1199 2296 variis
1235 2232 1511 2292 Damiani

259 2348 580 2426 opusculiS,
617 2367 749 2425 quae
778 2344 961 2404 senior
1008 2338 1252 2401 Louanii
1284 2336 1467 2394 edidit
1497 2382 1513 2405 ,

257 2450 613 2528 approbante
637 2446 957 2505 Academia
985 2440 1244 2502 vniuersa
1273 2440 1400 2497 haec
1427 2438 1512 2494 fe-

262 2573 322 2612 re
344 2555 628 2634 leguntur.
674 2551 877 2621 Dienſjs
910 2554 962 2608 in
995 2550 1144 2606 India
1171 2548 1477 2623 oppugnatio
1501 2589 1518 2612 ‚

263 2677 376 2735 qua
406 2657 808 2718 Lusitanorum
864 2675 928 2716 ea
957 2655 1133 2715 virtus
1189 2645 1392 2710 enituit
1414 2691 1428 2712 ‚
1465 2662 1526 2706 vc

1266 2745 1472 2826 proffi-
