1931 3239
349 249 684 288 OLISIPONIS
744 250 1113 286 DESCRIPTIO
1358 257 1425 311 47

173 375 256 408 em
278 368 496 426 apertam
522 355 715 404 delatus
743 390 755 411 ,
789 352 978 421 sexque
1005 372 1032 402 a
1057 354 1222 422 capite
1277 356 1440 406 fonti-

175 466 261 498 um
285 446 511 514 passuum
537 446 766 495 millibus
796 483 809 504 ,
860 445 911 495 in
960 444 1169 513 Tagum
1199 445 1444 496 diffundi-

172 551 279 594 tur,
306 553 404 603 qua
424 550 563 604 parte
588 535 771 604 Tagus
795 537 994 586 crebras
1012 534 1199 586 insulas
1221 537 1412 586 emittit
1433 573 1446 594 ,

171 645 283 696 quae
325 646 505 680 omnes
544 629 804 679 frumento
846 627 1138 696 pascuisque
1187 627 1450 697 pingulffi-

170 718 271 769 mis
325 721 605 771 abundant.
648 719 894 772 Attamen
935 739 1111 770 earum
1162 720 1304 770 nulla
1348 720 1446 770 hoc

172 825 402 884 tempore
423 815 636 866 castellis
664 853 675 873 ,
711 813 952 884 pagisque
980 853 994 873 ,
1025 828 1110 863 aut
1132 814 1321 864 vitibus
1354 831 1445 864 co-

169 906 293 957 litur
315 945 328 966 ,
369 922 421 957 vt
450 907 628 958 Strabo
656 905 902 975 scriptum
938 907 1163 975 reliquit.
1191 906 1325 974 Qiae
1363 925 1442 957 res

171 996 311 1069 Tagi
334 999 484 1069 ipsius
506 1001 850 1051 alluuionibus
892 1037 905 1058 ,
949 999 1289 1067 vetustateque
1317 1013 1453 1050 tem-

171 1093 312 1161 poris
333 1093 462 1144 forte
481 1094 768 1144 deficientes
801 1132 813 1153 ,
854 1096 950 1144 hoc
971 1093 1146 1162 gloriae
1180 1093 1454 1143 corollario

176 1185 562 1237 cohonestantur
592 1223 604 1243 ,
651 1187 787 1252 quod
838 1185 1081 1235 hodierna
1124 1186 1204 1233 die
1271 1183 1455 1252 Tagus

176 1276 282 1344 ipse
313 1296 402 1345 per
475 1276 706 1332 vniiier-sa
756 1275 977 1330 Oceani‘
1009 1277 1191 1333 litora,
1235 1276 1286 1323 in
1316 1271 1460 1322 Afri-

178 1383 237 1416 ca
262 1405 274 1424 ,
298 1366 516 1435 Asiaque
541 1405 554 1425 ,
601 1368 734 1437 leges
762 1370 810 1419 32:
838 1368 1060 1420 instituta
1081 1370 1163 1418 det
1188 1407 1200 1427 ‚
1275 1368 1460 1434 quibus

179 1460 406 1529 ipsarum
432 1462 815 1529 prouinciarum
843 1483 983 1534 reges
1012 1502 1024 1523 ,
1064 1464 1423 1531 principesque
1445 1500 1458 1519 ,

180 1555 377 1626 sponte,
400 1559 477 1609 vel
505 1560 666 1610 coacti
696 1574 893 1627 parent,
917 1560 1210 1626 tributaque
1262 1558 1464 1609 Lusita-

181 1654 260 1706 nis
283 1653 519 1716 soluum,
562 1654 853 1724 Christique
903 1654 1059 1705 fidem
1093 1653 1258 1704 indies
1301 1655 1464 1722 magis

183 1749 444 1820 magisque
471 1769 575 1802 non
625 1752 771 1822 pauci
818 1750 1013 1800 colunt.
1059 1747 1216 1816 ond
1266 1767 1372 1798 non
1408 1748 1467 1796 in

184 1842 441 1894 Indorum
464 1844 745 1895 ditionibus
767 1843 922 1894 modo
940 1881 953 1902 ,
979 1842 1061 1893 sed
1088 1842 1141 1890 in
1170 1839 1464 1890 Chinarum

192 1934 348 1985 etiam
376 1935 608 1985 terminis
641 1974 654 1991 ,
696 1955 754 1987 ac
784 1935 1189 2003 Iapponenfium
1241 1936 1428 1984 finibus
1454 1974 1466 1993 ,

186 2040 334 2096 gente
356 2027 564 2077 antehac
580 2027 796 2099 Europae
817 2030 1096 2098 incognita,
1122 2027 1320 2079 summa
1344 2048 1467 2079 cum

193 2119 482 2171 reuerentia
507 2119 583 2171 fit.
629 2120 714 2171 De
761 2121 1044 2172 innumeris
1085 2140 1203 2174 vero
1242 2122 1469 2175 exoticis

196 2212 366 2270 rebus,
396 2229 509 2280 quae
536 2226 601 2261 ex
627 2211 802 2262 nostris
836 2212 1078 2264 Vniuersae
1111 2212 1271 2264 Indiae
1299 2250 1312 2271 ,
1341 2209 1462 2260 Pcr-

189 2301 268 2353 siae
293 2341 308 2362 ,
359 2302 592 2363 Arabiae,
637 2303 962 2374 Aethiopiae,
1003 2305 1222 2356 Braffliae
1248 2344 1261 2364 ,
1304 2304 1453 2353 Afri-

190 2415 362 2465 caeque
384 2400 663 2451 ditionibus
695 2439 708 2461 ‚
735 2401 789 2451 in
815 2403 947 2452 hanc
968 2404 1144 2453 vrbem
1191 2414 1301 2451 toto
1349 2396 1472 2450 anni

200 2492 396 2543 circulo
444 2493 758 2545 aduehuntur
787 2532 801 2553 ,
838 2496 1270 2565 deportanturque
1294 2532 1306 2553 ‚
1352 2510 1475 2542 cum

190 2585 253 2636 de
295 2585 538 2637 omnibus
566 2586 627 2638 iis
661 2586 778 2638 satis
807 2588 1091 2640 luculenter
1136 2590 1188 2640 in
1220 2608 1282 2639 eo
1325 2584 1478 2654 opus-

191 2682 308 2740 culo
335 2720 350 2743 ‚
379 2685 517 2755 quod
536 2685 598 2737 de
625 2684 886 2740 fertilitate
905 2725 918 2748 ‚
958 2688 1007 2740 &
1035 2684 1306 2757 opulentia
1352 2679 1476 2758 His-

224 2765 231 2770 '
1279 2770 1441 2808 mnia:

948 2879 955 2898 l
