1965 3256
604 231 706 271 212
971 229 1254 267 DAMIANI
1285 229 1324 264 A
1354 228 1503 264 GOEs

568 376 607 400 „
635 355 733 406 que
779 335 1077 387 fistulatores
1103 374 1118 395 ‚
1169 337 1219 387 δε
1260 334 1521 385 tibicines.
1566 331 1683 385 Hos
1730 347 1849 384 vero

565 471 605 494 ‚,
634 433 851 483 artifices
871 450 934 483 ex
953 433 1108 483 domo
1128 432 1284 483 vestra
1305 433 1559 502 praecipue
1576 429 1706 480 mihi
1723 429 1849 478 mit-

567 564 605 587 „
632 527 675 576 ti
701 527 885 576 vellem
916 563 929 584 ,
957 526 1035 575 vel
1061 524 1095 574 fi
1123 524 1309 575 horum
1336 524 1479 575 domi
1523 523 1700 574 vestrae
1741 521 1858 572 exi-

565 655 602 677 ,‚
630 636 727 687 gua
751 620 845 669 erit
871 619 1018 688 copia
1038 658 1050 679 ,
1095 621 1155 670 ab
1198 619 1312 669 aliis
1336 616 1567 685 Regibus
1619 615 1739 665 filiis
1765 634 1856 665 ve-

564 750 601 773 „
630 714 759 772 stris,
782 732 868 764 eos
896 713 1138 765 sanctitas
1163 713 1319 764 vestra
1340 712 1528 781 poterit
1549 711 1849 777 impetrare:

567 844 605 865 ‚‚
634 807 881 874 quoniam
901 807 1070 858 vestris
1101 808 1328 877 imperiis
1353 844 1366 865 ‚
1410 807 1459 856 &
1486 804 1694 855 nutibus
1720 799 1850 852 faci-

562 903 669 960 „le
697 905 961 954 obediunt.
1007 902 1083 954 Hi
1119 922 1238 953 cum
1275 904 1337 953 ad
1379 920 1462 952 me
1489 898 1808 970 pervenerint
1829 933 1843 955 ,

564 1029 604 1051 „
633 1011 730 1061 pro
753 993 952 1042 meritis
979 992 1180 1042 summo
1205 995 1260 1042 in
1279 993 1470 1041 honore
1494 991 1812 1040 habebuntur
1834 1024 1849 1045 ‚

560 1119 598 1141 ‚,
623 1100 687 1131 ex
734 1082 1034 1132 liberalitate
1091 1100 1205 1132 mea
1281 1081 1571 1130 mercedem
1623 1080 1850 1146 amplam

562 1210 599 1231 ‚‚
629 1173 882 1242 accipient
902 1211 915 1232 ,
943 1174 991 1223 &
1013 1172 1047 1222 fi
1073 1174 1288 1224 domum
1315 1173 1503 1241 aliquis
1525 1174 1685 1224 redire
1711 1191 1840 1223 con-

562 1304 600 1325 „
629 1266 856 1336 cupiscet
886 1305 899 1325 ‚
937 1267 1161 1335 praemiis
1187 1268 1386 1317 abunde
1410 1279 1617 1317 ornatus
1643 1267 1804 1318 abibit
1827 1305 1845 1327 ,

560 1395 598 1416 ,‚
627 1359 699 1408 vti
727 1359 972 1427 placuerit
996 1397 1011 1418 ‚
1046 1359 1250 1428 quando
1299 1377 1389 1410 nec
1418 1360 1642 1410 inuitum
1680 1377 1845 1426 quen-

560 1495 597 1517 „
627 1477 782 1527 quam
816 1459 907 1509 s1m
952 1471 1237 1509 retenturus
1262 1496 1277 1519 ‚
1327 1475 1449 1509 cum
1475 1456 1704 1509 fructum
1742 1455 1838 1506 ali-

561 1585 575 1606 ,
592 1585 604 1606 ‚
630 1566 785 1615 quem
818 1567 882 1599 ex
907 1549 1018 1598 eius
1047 1548 1286 1599 industria
1308 1565 1604 1617 percepero,

664 1683 700 1704 ‚‚
724 1645 909 1695 NVNC
940 1647 1002 1695 ad
1028 1647 1125 1696 alia
1144 1646 1507 1696 transeundum
1532 1644 1600 1693 est
1618 1680 1631 1700 ‚
1658 1641 1841 1710 &jam

560 1777 597 1800 ‚,
627 1758 654 1790 a
681 1753 729 1789 te
772 1739 967 1808 postulo
994 1778 1006 1798 ‚
1034 1740 1347 1790 Sanctiffime
1374 1740 1522 1791 Pater
1545 1777 1559 1798 ,
1600 1756 1689 1788 cur
1735 1755 1840 1788 non

567 1875 603 1896 ‚,
629 1836 846 1885 hortaris
875 1835 1041 1903 Reges
1070 1833 1387 1885 Christianos
1413 1873 1426 1893 ,
1474 1834 1609 1885 filios
1629 1846 1765 1891 tuos,
1793 1844 1847 1881 vt

551 1965 592 1987 ‚‚
620 1945 761 1977 arma
786 1926 1040 1994 deponant
1061 1964 1074 1984 ,
1118 1928 1167 1976 &
1206 1925 1276 1975 vti
1301 1925 1478 1984 fratres
1501 1924 1672 1982 decet,
1719 1939 1846 1971 con-

556 2058 594 2080 ‚,
633 2020 809 2071 cordes
851 2021 981 2070 inter
1020 2018 1068 2069 se
1095 2018 1188 2069 effe
1214 2018 1408 2076 velint,
1450 2017 1717 2085 postquam
1754 2013 1846 2081 ipsi

558 2147 592 2168 ‚,
622 2128 743 2159 oues
803 2123 902 2160 tuae
949 2108 1062 2159 sunt
1081 2146 1095 2168 ‚
1166 2109 1218 2159 δε
1281 2121 1338 2158 tu
1407 2106 1512 2177 ipse
1555 2104 1716 2175 pastor
1759 2122 1846 2154 ea-

556 2244 589 2264 „
616 2204 766 2254 rum?
812 2199 1029 2271 Optime
1079 2200 1288 2268 quidem
1329 2212 1416 2250 tua
1441 2198 1691 2249 Sanctitas
1747 2217 1844 2248 no-

557 2334 597 2356 „
623 2294 698 2343 uit
728 2330 738 2350 ,
780 2293 900 2360 quid
922 2291 1270 2360 Euangelium
1295 2291 1582 2361 praecipiat,
1603 2290 1739 2358 quod
1766 2290 1847 2339 di-

558 2421 597 2442 „
628 2384 734 2433 cit:
780 2381 928 2431 Omne
958 2402 1155 2447 regnum
1183 2387 1231 2436 in
1269 2381 1319 2451 se
1357 2381 1566 2452 divisum
1613 2380 1845 2452 desolabi-

555 2516 591 2537 „
617 2489 718 2527 tur.
762 2476 905 2527 Nam
928 2479 961 2527 si
982 2480 1153 2548 Reges
1181 2481 1373 2530 animis
1401 2518 1413 2539 ‚
1440 2482 1490 2531 δε
1516 2478 1709 2529 foedere
1729 2495 1839 2526 cer-

554 2606 590 2628 „
618 2583 672 2618 to
715 2566 1029 2617 consentient
1060 2605 1073 2626 ‚
1143 2569 1392 2618 facillime
1438 2568 1839 2632 Mahometanos

553 2698 590 2720 υ
618 2678 795 2711 omnes
821 2659 1079 2718 delebunt,
1106 2660 1155 2710 ἃ
1174 2658 1649 2728 pseudo-prophetae
1674 2650 1842 2718 sepul-

1652 2741 1837 2792 chrum
