1965 3256
564 221 663 273 288
954 239 1235 276 DAMIANI
1283 241 1318 276 A
1369 241 1515 277 GoEs

528 341 593 391 lis
619 341 912 393 Germanice
950 344 1175 410 partibus
1204 345 1459 394 tra&anda
1485 357 1626 394 erant
1645 341 1661 410 )
1682 363 1801 396 cum

530 443 591 477 eo
623 467 635 487 ,
674 446 731 478 ac
759 446 876 480 curn
918 429 1053 481 Olao
1083 431 1282 499 Magno
1309 430 1510 490 Gotho,
1547 433 1653 483 eius
1705 434 1806 484 fra-

527 530 604 569 tre
624 559 635 578 ,
660 520 1048 572 indiffolubilem
1079 523 1308 573 contraxi
1336 523 1640 574 amicitiam.
1694 523 1808 574 Hos

530 609 787 679 inopinate
810 611 973 679 postea
1005 611 1293 662 Vincentiae
1333 613 1515 682 reperi,
1541 613 1707 662 multo
1733 626 1810 662 te·-

532 706 681 755 nuins
704 743 716 763 ‚
747 724 896 772 quam
925 719 1070 756 antea
1102 745 1114 764 ‚
1147 707 1382 776 degentes
1411 746 1424 766 ‚
1452 724 1605 776 quem
1633 709 1812 757 locum

533 817 594 848 ex
622 799 721 850 illis
744 801 940 850 vltimis
987 814 1232 851 terrarum
1260 802 1361 851 oris
1384 839 1396 860 ,
1437 816 1647 870 propter
1689 820 1809 870 pro-

537 895 824 963 mulgatum
856 894 1156 946 Concilium
1182 934 1193 953 ‚
1232 915 1294 947 ex
1324 917 1426 964 quo
1448 899 1682 948 nonnihil
1713 896 1815 966 spei

540 979 626 1032 fibi
654 1020 667 1040 ,
697 1001 753 1032 ac
785 983 882 1032 suis
909 984 1285 1033 calamitatibus
1312 998 1649 1052 conceperant
1669 1023 1681 1043 ,
1730 984 1818 1032 ad-

539 1074 764 1122 eundum
793 1074 885 1122 effe
913 1073 1296 1141 proposuerant.
1342 1072 1587 1124 Concilio
1613 1076 1821 1124 tandem

547 1164 825 1216 intermisso
851 1203 861 1222 ,
893 1166 925 1214 ii
955 1166 1075 1214 boni
1105 1166 1197 1215 viri
1235 1166 1335 1214 iam
1381 1184 1409 1214 a
1434 1164 1532 1216 suis
1569 1165 1825 1215 facultati-

543 1265 636 1312 bus
685 1261 830 1329 plane
853 1260 1070 1310 destituti
1095 1298 1108 1318 ,
1151 1261 1333 1327 quibus
1356 1298 1370 1317 ,
1403 1260 1526 1310 dum
1554 1259 1826 1327 ampliores

545 1351 696 1402 effent
723 1389 733 1408 ,
764 1349 942 1417 saepius
970 1351 1020 1399 in
1051 1351 1430 1418 aquilonaribus
1459 1351 1558 1400 illis
1604 1351 1827 1417 partibus

546 1462 638 1513 pro
667 1442 902 1493 Romana
930 1442 1148 1492 Ecclesia
1170 1455 1551 1511 pugnauerant,
1593 1444 1639 1493 &
1668 1443 1830 1492 adhuc

551 1539 607 1608 (fi
628 1556 704 1586 res
727 1536 1031 1602 succeffiffet)
1057 1536 1327 1605 pugnaturi
1367 1536 1517 1586 effent
1543 1575 1555 1594 ‚
1591 1534 1829 1585 Venetia-s

551 1631 803 1697 emigrant
827 1669 838 1689 ‚
864 1631 939 1679 vel
967 1631 1130 1680 aliena
1160 1630 1388 1680 libertate
1420 1667 1434 1687 ,
1455 1631 1532 1679 vel
1563 1629 1661 1678 suis
1690 1629 1833 1677 labo-

554 1729 697 1780 ribus
723 1761 735 1782 ,
775 1720 1052 1789 praesertim
1093 1719 1323 1768 docendo
1353 1757 1365 1777 ‚
1411 1736 1465 1768 ac
1491 1718 1796 1768 instituendo
1819 1754 1832 1774 ,

555 1817 749 1867 vicium
781 1812 1032 1881 quaesituri
1067 1849 1078 1868 ‚
1127 1812 1279 1861 nullis
1308 1811 1446 1860 enim
1469 1810 1580 1861 aliis
1606 1808 1834 1858 subsidiis

558 1908 652 1957 niti
693 1915 924 1973 poterant
951 1939 962 1960 ,
1010 1900 1098 1950 nisi
1124 1902 1259 1967 quod
1288 1902 1339 1950 in
1366 1899 1617 1951 Numinis
1647 1897 1842 1947 auxilio

559 2010 720 2047 totam
746 1995 889 2064 spem
908 1991 1251 2060 reposuerant.
1294 1990 1418 2058 Quo
1445 2009 1564 2040 cum
1592 1986 1846 2057 pervenis-

563 2086 690 2146 sent,
719 2086 877 2136 solum
906 2086 965 2133 ab
995 2081 1318 2151 Hieronymo
1350 2080 1598 2148 Qiirino,
1626 2077 1845 2128 Patriar-

566 2179 660 2228 cha
691 2178 910 2236 Veneto,
942 2177 991 2226 in
1017 2175 1124 2244 ipso
1152 2174 1524 2230 Patriarchatu‚
1552 2167 1846 2221 humaniffi-

569 2285 652 2318 me
680 2268 873 2335 accepti
903 2266 1222 2334 hospitantur
1247 2301 1259 2322 ‚
1298 2261 1383 2313 vbi
1424 2261 1484 2311 ad
1512 2261 1648 2310 hunc
1693 2256 1849 2324 usque

574 2357 713 2407 diem
736 2356 950 2404 dilatum
965 2353 1270 2405 Concilium
1292 2350 1616 2421 expectantes
1638 2348 1847 2397 haerent.

682 2446 799 2497 Svss
842 2445 991 2495 huius
1044 2443 1324 2511 Vpsaliensi
1357 2440 1813 2509 Archiepiscopatu
1839 2470 1853 2491 ,

575 2562 690 2613 pars
713 2541 847 2591 illius
867 2538 1007 2589 vastae
1028 2537 1304 2607 Lappianae
1330 2537 1604 2606 provinciae
1630 2533 1855 2583 habetur,

579 2635 724 2686 cuius
752 2630 1003 2698 indigenae
1031 2624 1218 2677 Christi
1249 2626 1523 2677 Servatoris
1547 2619 1697 2673 nostri
1724 2617 1859 2683 leges

1704 2721 1860 2756 mml-
