1931 3239
491 248 918 291 ι-ιιεΡΑΝῙΑ
1293 237 1362 309 67

194 363 468 420 Nauarrae.
800 356 958 407 Comes
995 355 1051 404 de
1090 353 1310 407 Fue-ntes.

132 454 288 506 Comes
322 456 377 504 de
415 452 614 522 Baylen.
806 449 964 499 Cemes
999 450 1055 498 de
1093 448 1306 500 Belchis.

127 545 279 596 Comes
314 547 370 596 de
409 545 599 597 Gelues.
796 541 951 592 Comes
987 542 1041 592 de
1083 541 1300 609 Sastago.

122 633 279 685 Comes
314 637 371 686 de
408 634 652 686 Oliuares.
793 631 949 682 Comes
987 633 1041 681 de
1080 631 1292 683 Morata

123 724 280 777 Comes
315 729 371 777 de
407 728 455 777 la
481 724 683 778 Puebla.
791 722 948 774 Comes
985 725 1040 774 de
1081 722 1380 791 Lagumera.

124 813 278 867 Comes
313 819 369 867 de
395 817 568 871 Sanfflo
605 816 710 867 Ste-
790 815 954 866 Cames
991 815 1048 864 de
1087 816 1297 885 Quirre.

183 909 343 978 phano
387 911 464 960 del
487 909 687 962 Puerto.
797 910 955 961 Comes
993 912 1049 961 de
1086 910 1316 961 Aithona.

126 1004 280 1055 Comes
304 1003 380 1051 del
404 1001 648 1072 Castellar.
801 1001 958 1052 Comes
995 1003 1050 1051 de
1089 1001 1373 1052 Almenara.

129 1096 285 1146 Comes
325 1097 379 1144 de
404 1093 712 1164 Cocentayna.
795 1094 951 1144 Comes
988 1096 1044 1144 de
1086 1094 1222 1145 Puro
1271 1113 1353 1143 en-

81 1250 85 1255 ,
128 1189 282 1240 Comes
319 1188 374 1236 de
398 1185 627 1238 Albaida.
871 1187 1035 1254 rostro.
1196 1251 1208 1257 ἱ

128 1281 285 1330 Comes
321 1280 375 1328 de
399 1278 618 1329 Aranda.
798 1277 954 1326 Comes
993 1278 1048 1326 de
1089 1274 1354 1326 Chinchm.

130 1369 284 1418 Comes
329 1367 382 1416 de
409 1364 576 1417 Olina.
803 1365 957 1416 Comes
995 1366 1050 1415 de
1089 1365 1326 1417 Baraias.

131 1458 288 1511 Comes
323 1461 379 1510 de
410 1457 642 1508 Gallada.

523 1602 1016 1688 Vicecomites.

125 1793 230 1900 V
258 1789 478 1842 Icecomes
499 1793 556 1842 de
577 1791 721 1843 Alta-
796 1790 1053 1844 Vicecomes
1092 1793 1149 1842 de
1174 1791 1380 1843 Blanes.

327 1883 473 1935 mira.
811 1885 1066 1937 Vicecomes
1121 1888 1176 1935 de
1231 1885 1413 1935 Valda-

132 1971 391 2024 Vicecomes
444 1975 500 2022 de
527 1973 724 2026 Chelua.
880 1994 1019 2025 erna.

132 2066 386 2118 Vicecomes
411 2068 465 2115 de
486 2066 723 2117 Peralda.
809 2067 859 2118 V
855 2067 1069 2119 icecomes
1095 2068 1150 2116 de
1177 2064 1390 2116 Gaiano.

132 2155 388 2207 Vicecomes
412 2156 467 2204 de
494 2152 634 2208 Ebol.
803 2155 1057 2212 Vicecomes
1097 2159 1152 2207 de
1182 2156 1218 2207 S
1226 2155 1382 2208 terlie.

136 2247 391 2319 Vicecomes
435 2249 492 2298 de
528 2245 650 2297 Bas.

1202 2666 1399 2751 Por-
