1965 3256
609 256 711 314 292
1006 257 1357 298 DAM1AN1A
1391 256 1539 299 colas

571 364 632 415 fis
660 364 745 414 illa
773 364 931 414 multa
956 402 967 423 ,
995 378 1043 414 te
1071 368 1319 434 operario,
1343 368 1396 419 in
1418 370 1655 419 horreum
1679 367 1840 420 Chri-

569 456 627 508 sti
654 467 1021 523 comportetur.
1065 455 1182 507 Nec
1203 459 1413 509 dubium
1437 459 1523 518 est,
1555 461 1678 527 quin
1702 478 1847 510 com-

568 552 793 621 portabis
824 589 837 611 ,
866 551 1019 602 modo
1042 551 1276 619 incipias.
1322 553 1446 604 Sunt
1484 555 1727 604 hodierno
1754 556 1838 605 die

567 665 685 697 cum
713 645 957 697 Gostawo
998 643 1178 694 Suetiae
1209 683 1220 703 ,
1261 647 1309 696 &
1351 646 1558 698 Gothiae
1586 647 1726 716 Rege
1752 649 1847 698 ali-

567 753 691 807 quot
714 737 984 806 M'agnates
1008 775 1020 794 ,
1068 739 1128 787 ab
1152 737 1374 789 Ecclesia
1413 740 1649 789 Romana
1680 739 1840 790 recisi.

570 828 697 879 Sunt
725 830 776 879 in
806 829 919 897 lpfis
944 847 1146 896 quoque
1173 829 1339 897 regnis
1361 868 1372 888 ‚
1404 830 1490 898 qui
1529 831 1742 879 omnino
1769 846 1834 878 ex

568 926 818 975 diametro
845 922 1153 971 dissentiunt.
1222 922 1372 971 Possis
1417 924 1478 972 ad
1500 923 1730 991 Vtrosque
1758 924 1846 973 lit·-

568 1029 698 1065 teras
726 1032 817 1081 pro
859 1026 944 1061 tua
969 1011 1219 1078 dignitate
1246 1048 1258 1065 ‚
1307 1013 1356 1060 &
1399 1012 1629 1078 pastorali
1679 1012 1847 1063 officio

570 1107 684 1154 dare
704 1141 715 1160 ,
762 1119 947 1168 eosque
975 1118 1061 1168 per
1091 1097 1252 1149 Chisti
1282 1099 1452 1168 plagas
1498 1102 1514 1168 (
1542 1101 1676 1150 hunc
1710 1105 1849 1154 enim

570 1213 747 1245 omnes
781 1231 793 1251 ‚
835 1209 1126 1260 quanquam
1170 1192 1231 1240 ab
1276 1190 1379 1258 ipsa
1406 1190 1638 1242 Romana
1671 1191 1849 1241 Eccle-

570 1284 636 1334 sla
680 1280 970 1332 dissentiunt
994 1318 1007 1339 ,
1060 1279 1223 1330 filium
1270 1280 1412 1339 Dei,
1451 1281 1499 1330 &
1536 1280 1850 1331 Servatorem

569 1375 794 1427 nostrum
821 1370 1079 1438 fatentur)
1119 1372 1379 1431 obtestari,
1425 1384 1477 1422 vt
1505 1372 1632 1422 hanc
1657 1372 1849 1424 Orien-

569 1469 722 1518 talem
743 1505 755 1525 ,
774 1467 822 1516 ἅ
844 1462 1236 1516 Occidentalem
1256 1462 1533 1531 Lappiam,
1557 1482 1675 1514 cum
1704 1463 1849 1513 Fim-

571 1560 800 1612 marchia
830 1599 842 1618 ‚
890 1557 1158 1607 Scticfinia
1179 1594 1194 1614 ,
1244 1557 1293 1606 ἃ
1337 1556 1561 1606 Biarmia
1610 1556 1849 1624 ampliffi-

568 1646 668 1695 mis
705 1645 981 1713 provinciis
1008 1682 1020 1702 ,
1061 1661 1275 1711 quarum
1327 1644 1491 1692 maior
1538 1656 1652 1710 pars
1693 1637 1848 1688 Chri·

569 1735 698 1786 stum
728 1753 831 1784 non
857 1733 1000 1783 novit
1031 1771 1042 1788 ‚
1074 1734 1131 1782 ad
1161 1734 1269 1783 eius
1297 1731 1640 1782 suauiss'tmum
1670 1729 1848 1797 iugum

570 1824 744 1875 venire
790 1824 1090 1893 permittant
1121 1863 1133 1883 ,
1163 1827 1224 1874 ab
1256 1822 1429 1891 eisque
1469 1836 1667 1873 tantum
1694 1839 1850 1870 aucu-

570 1929 754 1985 pentur
782 1953 793 1972 ,
822 1917 871 1966 &
896 1929 1230 1984 extorqueant
1249 1954 1261 1974 ‚
1291 1927 1540 1982 quantum
1563 1913 1649 1964 alii
1693 1911 1850 1964 Chri-

570 2012 713 2063 stiani
761 2010 1025 2078 Principes
1054 2030 1081 2061 a
1111 2010 1213 2062 suis
1263 2011 1473 2062 subditis
1506 2011 1584 2061 vel
1605 2012 1710 2060 iure
1736 2010 1850 2079 pos-

571 2105 766 2161 tulare,
823 2102 903 2152 vel
949 2103 1188 2171 precariis
1227 2104 1584 2154 exactionibus
1622 2101 1850 2151 obtinere

573 2195 962 2245 consueuerunt.
1022 2192 1105 2243 Ad
1140 2195 1190 2244 id
1235 2214 1340 2245 non
1388 2208 1589 2245 tantum
1631 2193 1849 2251 litterae,

569 2286 654 2338 sed
677 2287 769 2335 viri
794 2304 996 2353 quoque
1023 2287 1161 2337 (1οᾶὶί
1190 2326 1201 2346 ,
1237 2289 1285 2338 δε
1309 2287 1572 2339 sanctitate
1597 2286 1711 2337 vitae
1732 2304 1851 2355 pro-

573 2374 676 2426 bati
723 2373 961 2421 mittendi
1015 2374 1251 2425 videntur
1281 2414 1294 2435 ,
1352 2389 1406 2426 vt
1450 2376 1527 2425 hae
1573 2375 1851 2442 provinciae

572 2467 823 2520 Romanae
851 2460 1086 2511 Ecclefiae
1119 2483 1210 2531 per
1236 2463 1426 2516 Christi
1454 2466 1609 2516 fidem
1631 2465 1846 2515 coniun-

575 2575 775 2634 gantur.
827 2555 1031 2623 Qiibus
1053 2574 1140 2623 per
1165 2571 1213 2606 te
1236 2596 1248 2616 ‚
1275 2578 1372 2609 vna
1403 2578 1524 2610 cum
1550 2558 1849 2624 AEthiopica

577 2668 725 2730 gente
743 2691 758 2715 ,
787 2647 848 2704 ad
873 2665 1044 2702 veram
1072 2645 1264 2701 Christi
1288 2649 1456 2718 legem
1483 2649 1735 2706 adductis,
1762 2645 1846 2696 etfi

1679 2753 1849 2807 popu-
