1965 3256
617 257 721 322 284
985 278 1264 313 ΒΑΜῙΑΝῙ
1305 279 1341 313 A
1377 279 1524 315 coss

567 377 768 428 habitus
796 379 898 429 illis
926 397 1197 449 corporum
1219 421 1231 440 ,
1264 401 1521 433 armorum
1540 421 1553 440 ,
1598 382 1806 434 vestium
1829 422 1845 444 ,

568 469 618 517 &
669 470 858 538 ingenii
894 509 905 529 ‚
948 474 1008 521 ab
1052 473 1306 523 Arabibus
1351 491 1408 522 ac
1455 473 1715 541 AEgyptiis
1760 477 1846 525 vix

568 558 735 609 differt
759 599 771 618 ‚
813 581 930 611 nam
981 566 1304 632 nauigatione
1335 564 1726 632 frequentillima
1750 603 1762 623 ,
1798 566 1849 617 &

566 658 874 709 terrestribus
892 663 1214 713 commerciis
1240 663 1354 712 inde
1374 681 1455 720 ea,
1477 682 1585 731 quae
1602 665 1846 720 diximus,

568 750 719 799 facile
737 767 1056 820 acceperunt.

674 841 762 889 AT
804 845 1039 895 vniversa:
1068 846 1278 895 ditionis
1313 846 1587 914 imperium
1629 847 1846 898 Davidis

569 944 779 995 magnas
809 931 1012 999 singulis
1040 952 1195 1001 prope
1224 934 1273 982 in
1301 936 1449 983 rebus
1477 935 1655 1003 recipit
1681 937 1846 985 diver-

570 1020 878 1077 sitates,cum
899 1042 925 1071 a
942 1023 1130 1073 Cancri
1159 1025 1356 1090 tropico
1383 1024 1640 1075 adversum
1659 1027 1846 1094 Capri-

569 1108 712 1156 corni
749 1122 912 1158 totum
945 1109 1193 1158 immensa
1246 1110 1472 1159 vastitate
1516 1111 1846 1171 distendatur,

571 1198 704 1246 unde
735 1201 922 1249 necesse
947 1202 1023 1259 fit,
1053 1204 1111 1251 ad
1131 1201 1260 1251 Solis
1289 1201 1640 1253 tonuerfiones
1666 1205 1850 1254 cimela

573 1290 801 1339 variante
829 1306 1003 1342 natura
1024 1330 1035 1350 ‚
1076 1293 1257 1342 caelum
1281 1290 1402 1340 alibi
1430 1291 1554 1339 mite
1580 1288 1671 1337 effe
1694 1325 1706 1344 ,
1752 1286 1846 1334 ali-

565 1377 619 1427 bi
641 1379 877 1430 infestum
902 1419 913 1439 ‚
943 1381 1203 1432 alternatis
1227 1380 1417 1431 scilicet
1453 1379 1674 1448 pruinis,
1696 1391 1845 1444 atque

571 1465 877 1526 fervoribus.
907 1472 974 1521 vti
1000 1470 1161 1538 magis
1187 1508 1199 1528 ,
1226 1482 1311 1519 aut
1336 1469 1508 1519 minus
1543 1468 1682 1535 regio
1704 1468 1843 1532 quae—

567 1578 667 1626 que
693 1563 1055 1631 abequatoris
1084 1563 1393 1632 benignitate
1411 1562 1673 1611 recefferit.
1703 1560 1847 1610 Nam

566 1653 638 1700 vti
667 1655 860 1705 duabus
887 1657 1156 1710 aestatibus.
1176 1656 1472 1720 duabusque
1501 1654 1690 1720 opimis
1711 1648 1842 1698 mes-

566 1747 697 1797 sibus
725 1746 897 1798 felices
926 1786 938 1807 ,
991 1748 1166 1816 populi
1214 1746 1410 1815 singulo
1463 1764 1665 1813 quoque
1706 1758 1842 1794 anno

556 1841 797 1900 *laetantur
820 1878 832 1897 ,
878 1840 946 1889 ita
998 1837 1290 1889 inexhausta
1322 1852 1463 1887 terrac
1492 1837 1797 1905 pinguedine
1825 1878 1838 1900 ,

569 1935 619 1984 &
644 1934 811 1983 alterae
838 1934 992 1983 etiam
1022 1935 1175 1989 binae,
1203 1933 1272 1981 vti
1299 1931 1622 1999 leguminum
1672 1933 1841 1982 mino-

571 2046 649 2077 res
677 2027 873 2086 melles,
905 2028 1079 2077 iterata
1101 2026 1321 2077 semente
1359 2025 1680 2092 proveniunt.
1725 2025 1840 2076 Ho-

574 2122 804 2171 minibus
835 2123 902 2171 ita
929 2123 1151 2173 abundat
1176 2161 1188 2181 ,
1218 2135 1268 2172 vt
1294 2122 1368 2170 vel
1400 2121 1643 2170 mediocri
1671 2139 1840 2171 rerum

563 2213 788 2261 tumultu
818 2213 983 2262 decies
1018 2225 1222 2262 centum
1255 2212 1418 2261 millia
1443 2212 1712 2261 hominum
1737 2248 1749 2268 ,
1790 2213 1839 2261 δε

561 2315 802 2367 praeteiea
870 2303 1175 2371 quingentos
1228 2303 1523 2371 elephantos
1541 2339 1554 2359 ,
1615 2301 1838 2351 camelo-

557 2410 775 2458 rumque
826 2393 873 2441 &
899 2411 1145 2459 equorum
1188 2395 1447 2463 ingentem
1476 2411 1746 2443 numerum
1777 2393 1840 2442 ad

522 2549 525 2552 ψ
557 2485 751 2536 bellum
779 2483 1003 2533 instruat.
1049 2486 1284 2536 Arcubus
1313 2487 1364 2537 in
1393 2487 1527 2537 bello
1555 2487 1829 2554 quadricu-

556 2583 800 2634 bitalibus
822 2619 834 2639 ,
861 2594 968 2630 turn
997 2595 1150 2630 conto
1176 2618 1187 2638 ,
1215 2582 1373 2631 lorica
1394 2621 1405 2640 ‚
1448 2584 1497 2633 &
1518 2583 1658 2650 galea
1683 2595 1832 2631 vtun-

557 2688 658 2728 tur.
712 2674 999 2726 >Abundant
1039 2692 1160 2725 auro
1190 2711 1203 2732 ,
1237 2676 1556 2742 metallisque
1603 2674 1826 2724 caeteris:

1689 2780 1828 2814 mar-
