1965 3256
567 226 641 291 88
925 255 1207 293 ΒΑΜῙΑΝῙ
1262 259 1301 293 A
1345 253 1492 296 ⁶053

520 360 759 410 obcaecati
784 399 798 420 ‚
841 359 973 411 soliti
1003 363 1166 414 facere
1194 362 1308 414 sunt
1338 401 1352 423 ,
1392 365 1479 432 qui
1506 379 1620 414 vera
1647 376 1768 416 cum

518 452 806 522 intelligant
837 491 850 512 ,
892 453 1013 505 falsa
1042 470 1210 507 tamen
1239 458 1578 526 pronunciant
1602 497 1616 518 ,
1641 462 1766 512 dum

518 544 686 613 inquit
726 546 779 595 in
809 545 897 596 suo
926 547 1235 608 Ptolemaeo,
1283 563 1336 599 vt
1379 551 1487 600 eius
1514 554 1661 602 verba
1687 574 1768 605 re-

521 636 680 687 feram
703 643 741 665 “
783 636 1104 690 Mercatores
1139 659 1202 690 ex
1239 640 1490 709 Hispania
1527 642 1581 692 in
1598 644 1770 695 Galli-

511 742 596 775 am
625 729 856 780 deferunt
878 729 1114 791 sericum,
1145 734 1192 782 <St
1221 733 1389 782 omnis
1417 736 1615 802 generis
1639 755 1766 804 pan-

512 837 604 869 nos
633 860 646 880 ,
684 823 822 873 lanas
845 862 858 883 ,
887 842 1126 884 crocum,
1170 825 1429 877 sace-arum
1461 866 1475 888 ,
1521 831 1718 880 orizam
1749 867 1765 889 ,

511 914 684 964 oleum
703 954 716 975 ‚
738 918 944 966 alumen
968 955 980 973 ‚
1008 936 1161 985 grana
1188 919 1470 971 tinfilorum
1493 960 1506 981 ,
1537 924 1635 974 ἃς.
1652 962 1665 983 ,
1695 940 1760 973 ex

509 1005 683 1058 Gallia
723 1009 776 1058 in
814 1007 1117 1077 Hispaniam
1165 1011 1481 1064 frumentum
1525 1051 1539 1072 ‚
1603 1015 1763 1066 lineas

510 1098 632 1148 telas
661 1137 674 1156 ‚
711 1100 854 1149 filum
893 1138 906 1159 ‚
948 1100 1129 1167 pastel,
1180 1101 1336 1151 libros
1365 1139 1380 1160 ,
1408 1105 1456 1152 &
1484 1102 1766 1154 minutiora

506 1193 606 1242 alia
633 1194 969 1243 mercimonia
1003 1194 1223 1261 plurima
1249 1231 1261 1251 ,
1286 1208 1339 1244 vt
1366 1195 1563 1264 gladios
1597 1233 1612 1254 ,
1652 1194 1766 1264 spe-v

505 1284 620 1334 cula
642 1321 657 1342 ,
684 1301 822 1333 acus.
853 1320 888 1342 „
918 1281 1278 1334 Concedamus
1303 1283 1531 1336 Galliam
1561 1284 1768 1335 mittere

507 1376 829 1427 frumentum
880 1376 1205 1443 (quanquam
1251 1376 1301 1426 id
1328 1394 1441 1426 raro
1466 1371 1766 1444 contingat)

506 1489 626 1522 cum
654 1471 823 1541 potius
869 1471 919 1520 id
946 1470 1244 1522 Germaniae
1285 1470 1543 1523 Orientali
1579 1471 1763 1521 debea-

504 1574 587 1612 tur
613 1599 627 1620 ,
666 1562 811 1611 cuius
853 1561 1169 1612 frumentum
1209 1563 1423 1612 nauibus
1451 1561 1762 1612 Batauorum

503 1656 565 1704 ad
592 1657 846 1706 literalem
897 1653 1207 1722 Hispaniam
1239 1693 1251 1713 ‚
1291 1673 1505 1722 eamque
1547 1653 1763 1705 Oceano

501 1747 748 1815 attiguam
777 1746 1089 1797 subuehitur.
1114 1744 1184 1795 Hi
1209 1746 1349 1795 enim
1378 1742 1646 1795 inue8dt1a
1665 1760 1757 1792 an-

501 1855 636 1886 nona
662 1838 846 1887 abhinc
874 1838 1022 1888 annis
1064 1836 1247 1904 viginti
1275 1837 1501 1903 quinque
1525 1835 1640 1902 plus
1657 1834 1760 1883 mi·-

500 1947 595 1978 πως
624 1928 690 1977 us1
714 1927 844 1978 sunt.
875 1928 957 1978 Ad
985 1927 1351 1977 mediterranea
1376 1924 1639 1993 Hispaniae
1667 1942 1759 1974 ex-

501 2022 697 2072 oticum
725 2019 1040 2070 frumentum
1069 2037 1171 2069 non
1199 2017 1431 2089 peruenit
1457 2054 1471 2075 ,
1505 2028 1638 2066 certe
1664 2033 1762 2082 pro

501 2112 709 2179 lingulis
752 2112 910 2162 culeis
955 2130 1017 2162 ex
1045 2110 1217 2162 Gallia
1249 2148 1263 2169 ,
1287 2109 1492 2178 singulae
1520 2107 1758 2159 holcades

500 2206 760 2256 frumento
805 2205 992 2256 onustae
1031 2224 1094 2255 ex
1122 2204 1397 2255 Hollandia
1429 2201 1753 2272 appulerunt«

500 2298 712 2351 Tamen
751 2298 928 2361 demus
968 2297 1065 2347 hoc
1095 2297 1359 2348 Munsterc
1386 2299 1435 2346 &
1475 2306 1759 2365 praecepto-

501 2394 541 2446 ri
573 2391 660 2441 suo
690 2390 1033 2439 Villanouano
1052 2428 1065 2448 ,
1093 2403 1143 2440 vt
1171 2409 1284 2441 vera
1310 2390 1402 2438 sint
1423 2405 1532 2456 quae
1558 2387 1754 2436 dicunt}

504 2477 628 2543 quid
657 2515 670 2536 ‚
722 2496 783 2527 an
812 2496 914 2527 non
942 2495 1002 2527 ex
1033 2477 1257 2545 ipsorum
1300 2479 1463 2528 verbis
1508 2489 1715 2544 apparet
1735 2509 1757 2532 5

501 2568 804 2637 Hispaniam
853 2568 1038 2620 Galliae
1083 2570 1195 2637 plus
1245 2569 1503 2637 impertire
1531 2607 1544 2627 ,
1598 2582 1752 2636 quam

501 2660 730 2713 Galliam
777 2661 1039 2731 Hispaniae
1065 2662 1079 2710 ἓ
1133 2660 1306 2713 NIiror
1355 2674 1524 2712 autem
1551 2697 1568 2719 ,
1597 2658 1709 2777 d'cur
1730 2690 1754 2714 2·

1634 2743 1721 2778 um
