1965 3256
551 248 667 306 304*
907 249 1192 286 DAMIANI
1258 251 1297 286 A
1340 251 1493 286 GOES

516 370 729 406 manum
750 351 1110 408 Lusitanorum
1164 355 1315 406 facile
1341 354 1473 424 poffe
1497 372 1584 424 per
1603 355 1799 408 bellum

514 446 704 498 finibus
755 446 925 497 excuti
968 467 983 509 3
1052 448 1321 516 indignum
1366 447 1568 515 prorsus
1633 449 1803 498 maxi-

513 556 660 589 mum
687 537 884 607 Regem
904 538 1068 604 premi
1095 536 1333 587 seruitute
1360 537 1804 607 alienigenarum3

515 631 839 682 dominatum
883 628 1177 697 conspicere
1247 629 1296 677 in
1350 629 1489 698 regia
1529 648 1544 691 3
1587 645 1804 698 regnum

514 725 736 792 denique
762 724 811 773 ὅτ,
839 722 1141 791 religionem
1178 720 1230 770 in
1258 720 1550 789 periculum
1581 719 1756 770 venire
1787 738 1805 782 ;

518 818 568 869 se
594 854 609 876 ‚
638 813 889 884 quicquid
918 813 1125 863 haberet
1151 810 1340 861 virium
1368 848 1383 869 ,
1435 829 1548 879 quae
1575 810 1809 881 profe<9ffl

517 911 716 979 exiguae
745 923 847 955 non
873 904 1025 954 effent
1055 942 1068 963 ,
1116 903 1334 953 libenter
1363 902 1486 954 huic
1517 902 1655 952 bello
1682 902 1809 953 affo-

519 1003 795 1053 ciaturum.
828 995 1078 1046 Vincitur
1101 992 1237 1042 hisce
1258 991 1701 1042 admonitionibus
1728 993 1809 1043 iu-

522 1092 711 1146 uenilis
748 1088 961 1139 animus
995 1121 1010 1144 ,
1063 1100 1122 1133 ac
1185 1082 1246 1132 de
1316 1081 1561 1131 sententia
1610 1081 1816 1134 suorum

520 1181 719 1233 bellum
763 1174 993 1228 decernit
1024 1212 1039 1233 ,
1081 1172 1308 1240 bellique
1335 1171 1535 1223 summa
1586 1170 1815 1241 Sopharo

524 1272 941 1324 commendatur.
992 1265 1047 1317 Is
1067 1265 1363 1317 clanculum
1383 1303 1399 1325 ‚
1428 1266 1619 1334 partim
1646 1284 1710 1317 ex
1736 1284 1815 1317 re-

524 1370 624 1440 giis
663 1369 848 1437 opibus
874 1403 887 1423 ,
916 1362 1108 1434 parrim
1133 1377 1199 1410 ex
1226 1358 1327 1410 suis
1369 1396 1384 1418 ,
1432 1376 1647 1430 magnos
1671 1375 1818 1409 exer-

529 1464 665 1514 citus
708 1475 1005 1527 comparare
1034 1493 1048 1515 ,
1093 1470 1258 1521 neque
1303 1449 1381 1500 ius
1409 1451 1819 1521 religionemque

527 1556 741 1608 foederis
779 1592 797 1615 ‚
836 1552 953 1603 initi
1005 1554 1066 1600 ab
1121 1544 1394 1597 interfeClo
1446 1545 1644 1597 Badure
1699 1562 1819 1595 cum

530 1654 753 1721 Prorege
782 1646 1036 1701 Gratiano
1082 1641 1338 1693 Noron‘na
1364 1677 1377 1698 ,
1425 1639 1701 1707 quicquam
1727 1654 1821 1687 cu-

530 1766 662 1799 rare.
706 1740 971 1808 Principio
994 1736 1147 1806 igitur
1200 1733 1453 1784 finitimos
1481 1730 1649 1799 Reges
1676 1731 1818 1799 lega-

534 1839 765 1892 tionibus
791 1834 853 1885 ad
881 1831 1177 1882 societatem
1229 1842 1414 1876 vocare
1437 1861 1452 1882 ,
1503 1820 1708 1890 spesque
1732 1838 1822 1889 pe-

533 1931 794 1998 rieulaque
820 1924 1064 1975 ostentare
1091 1958 1105 1979 ,
1143 1933 1364 1989 quorum
1408 1913 1644 1982 plerique
1685 1947 1702 1970 ,
1726 1926 1822 1958 no-

539 2028 696 2080 strum
735 2020 1015 2090 imperium
1049 2012 1209 2085 perosi
1241 2050 1254 2071 ,
1281 2026 1424 2062 arma
1447 2007 1668 2075 iungunt
1691 2041 1706 2063 ,
1734 2003 1824 2054 alii

542 2138 731 2190 magna
756 2113 1072 2185 promittunt
1102 2147 1116 2169 ,
1145 2106 1234 2158 alii
1258 2104 1306 2156 se
1331 2105 1558 2172 integros
1583 2099 1646 2148 ad
1669 2114 1824 2147 euen-

540 2228 652 2267 tum
671 2212 794 2263 belli
820 2203 1180 2272 seruant.Qiae
1206 2201 1330 2251 dum
1371 2197 1604 2248 maximo
1625 2191 1825 2242 mentio

543 2326 609 2358 ex
634 2303 895 2371 Vtriusque
924 2297 1137 2352 consilio
1159 2305 1380 2364 aguntur
1407 2329 1423 2351 ,
1451 2285 1602 2358 fingit
1630 2283 1826 2354 Sopha-

543 2422 628 2455 rus
659 2397 930 2450 Dienfium
981 2394 1247 2444 ciuitatem
1280 2389 1371 2439 fibi
1418 2388 1480 2438 ab
1509 2383 1829 2452 Imperatore

547 2489 827 2549 Mamudio
869 2486 1005 2535 dono
1034 2484 1204 2532 datam
1230 2480 1344 2532 effe.
1389 2478 1523 2546 Quae
1551 2494 1629 2527 res
1655 2493 1715 2525 eo
1740 2490 1828 2523 ve-

549 2583 807 2643 risimilior
868 2576 1132 2628 videbatur
1153 2607 1169 2629 ,
1206 2570 1342 2637 quod
1371 2571 1420 2621 &
1460 2567 1559 2618 alia
1593 2567 1648 2616 in
1672 2562 1826 2617 ditio-

552 2703 616 2738 ne
643 2671 908 2732 Cambaiae
949 2663 1134 2745 oppida
1161 2699 1178 2722 ,
1229 2661 1307 2713 vel
1354 2659 1515 2729 gratia
1538 2656 1618 2711 vel
1662 2651 1826 2723 pretio

1672 2742 1808 2796 obti-
