1931 3239
386 242 459 278 DE
505 240 695 275 BELLo
726 238 1054 276 CAMBAICo
1083 242 1208 281 SEC.
1353 245 1453 301 347

193 346 449 416 strepitum
498 343 680 396 obtuso
707 345 881 395 auditu
915 382 928 404 ,
976 363 1087 413 quae
1117 348 1316 401 inferne
1368 372 1489 421 age-

191 438 370 486 bantur
398 473 411 494 ,
459 453 551 485 nec
579 436 750 486 audire
780 475 793 496 ,
848 454 942 487 nec
994 441 1253 509 percipere
1305 448 1484 499 nostris

185 525 607 597 licuerit.Itaque
634 546 753 578 cum
783 548 873 598 pro
898 545 1022 582 voto
1049 532 1112 581 ab
1141 532 1366 587 hostibus
1395 559 1488 590 cu-

182 618 344 669 n1culi
390 620 490 671 affl
518 621 671 671 effent
703 660 717 681 ,
762 622 963 674 decima
992 622 1207 692 Augusti
1234 663 1247 684 ‚
1278 646 1378 695 qua
1405 632 1485 682 die

184 710 259 762 D.
297 712 568 764 Laurentii
597 717 903 785 martyrium
927 714 1118 767 Christi
1148 715 1374 772 Ecclefia
1402 741 1488 774 ce-

179 802 372 854 lebrare
399 805 663 855 consueuit
694 844 708 864 ,
738 804 899 856 hostes
953 808 1192 857 tubarum
1243 809 1484 878 clangore

181 902 653 964 tympanorumque
679 896 970 948 vehementi
1011 895 1176 947 sonitu
1230 897 1329 949 sese
1367 919 1484 951 mu-

180 994 272 1034 tuo
299 985 626 1036 adhortantes
657 1024 669 1044 ,
713 985 919 1053 agmine
967 986 1252 1053 compofito
1287 1024 1301 1046 ,
1330 987 1482 1057 fignis

177 1077 488 1130 militaribus
518 1077 926 1148 praecedentibus
958 1116 970 1137 ,
1020 1078 1074 1128 in
1123 1078 1254 1128 arcis
1284 1083 1484 1134 moenia

179 1186 524 1241 prorumpunt
555 1211 568 1231 ,
617 1190 675 1223 ac
702 1173 1057 1224 vehementius
1111 1173 1259 1225 solito
1297 1175 1480 1245 globos

172 1267 542 1336 amphorasque
570 1267 740 1336 igneas
779 1267 915 1318 intro
950 1266 1248 1337 proiiciunt.
1293 1262 1472 1317 Nostri

170 1378 289 1410 vero
315 1362 376 1411 ad
400 1374 755 1432 oppugnatum
783 1363 956 1413 locum
984 1360 1216 1430 protinus
1244 1376 1468 1411 coneur-

170 1467 311 1504 runt.
358 1454 439 1505 Ibi
477 1475 639 1524 quum
681 1471 787 1507 tam
830 1457 918 1508 diu
967 1469 1253 1524 pugnaturn
1307 1455 1423 1504 effet
1460 1491 1476 1512 ,

169 1551 337 1615 quoad
383 1551 848 1603 animaduerterent
897 1552 1059 1602 hostes
1110 1570 1241 1620 pene
1298 1551 1471 1619 potio-

164 1659 275 1690 rem
313 1642 542 1693 militum
569 1656 768 1711 partem
814 1645 876 1694 ad
904 1643 1101 1694 moenia
1130 1642 1422 1692 conuenisse
1456 1680 1469 1701 ,

167 1730 400 1781 simulato
425 1733 610 1784 timore
641 1772 655 1793 ,
683 1734 910 1803 receptui
939 1746 1128 1784 canunt
1152 1772 1164 1793 ,
1190 1751 1246 1783 ac
1275 1734 1335 1783 de
1364 1732 1470 1783 fos-

166 1816 216 1869 sa
264 1820 314 1870 δε
340 1823 602 1873 moenibus
654 1824 708 1874 in
734 1824 889 1874 castra
931 1822 979 1873 se
1019 1824 1296 1892 recipiunt.
1343 1824 1467 1891 Qa

172 1909 401 1962 festinata
450 1912 571 1984 fuga
601 1952 615 1973 ,
652 1928 705 1965 vt
751 1914 947 1965 insueta
977 1953 990 1974 ,
1042 1915 1127 1966 ets}
1158 1915 1469 1966 malleorum

163 2014 311 2053 antea
336 2002 471 2055 facila
497 2005 558 2054 de
585 2003 823 2054 industria
849 2005 1104 2056 concuffio
1134 2044 1148 2065 ‚
1191 2005 1466 2074 fragorque

162 2096 592 2149 ferramentorum
620 2097 902 2148 ostendisset
944 2137 958 2158 ‚
995 2099 1166 2168 potius
1196 2099 1358 2150 hostes
1386 2099 1464 2149 vi-

161 2209 247 2241 am
271 2191 509 2242 latiorem
537 2193 591 2242 in
617 2209 787 2241 arcem
815 2192 1012 2261 aperire
1058 2193 1188 2243 velle
1213 2230 1228 2251 ,
1272 2191 1464 2243 discus-

161 2282 222 2333 fis
266 2283 527 2334 moenibus
556 2321 570 2342 ,
599 2301 756 2351 quam
785 2284 1040 2335 cuniculis
1078 2285 1248 2335 denuo
1294 2283 1462 2334 aditus

160 2385 354 2426 tentare
382 2414 397 2435 ,
437 2393 600 2445 quum
626 2376 678 2427 id
703 2377 856 2444 paulo
881 2393 998 2428 ante
1043 2379 1106 2429 ad
1134 2377 1457 2430 Thomaeam

158 2467 343 2517 turrim
391 2467 668 2518 infeliciter
694 2481 1012 2520 tentauerant
1041 2506 1057 2530 ‚
1104 2472 1190 2522 vbi
1228 2468 1458 2521 cuniculi

157 2574 337 2609 eorum
365 2558 655 2610 transuerfis
680 2560 934 2612 cuniculis
978 2562 1181 2632 excepti
1232 2559 1455 2610 subruti-

156 2666 255 2719 que
279 2669 308 2703 a
332 2651 512 2705 nostris
539 2665 680 2705 erant
710 2674 725 2720 ;
753 2653 1117 2725 Mascaregnas
1165 2667 1338 2704 tamen
1366 2650 1450 2700 su-

1227 2745 1416 2815 spicio-
