1931 3239
335 213 410 249 nt
443 206 635 247 BELLO
666 205 996 245 CAMBAICO
1027 206 1151 246 Sne.
1269 208 1378 267 373

128 332 338 386 regnam
362 315 613 383 impreffio
655 314 710 365 fit
733 352 745 374 ,
784 326 836 364 vt
876 311 1026 362 nostri
1057 312 1303 381 impetum
1331 317 1414 369 su..

130 409 307 460 stinere
346 407 566 474 amphus
599 425 698 456 non
730 405 950 454 valerent
981 440 994 461 ,
1022 404 1071 453 δε
1097 408 1272 459 ordine
1305 426 1414 465 tur..

129 501 248 551 bato
276 535 291 558 ‚
322 499 507 548 reiriire
561 498 862 565 inciperent.
909 493 972 545 Id
1024 494 1127 562 ipse
1155 495 1418 558 NIascare-

124 587 253 666 gn'as
303 594 713 643 animaduertens
754 629 769 650 ,
811 590 1099 642 conclamat
1147 630 1161 652 ,
1205 594 1418 670 suosque

125 688 189 739 ad
238 686 563 737 restitendum
613 685 880 734 hortatur:
924 699 1157 753 vrgerent
1202 688 1418 745 vie‘torj-

125 798 211 830 am
241 816 254 837 ,
298 797 455 846 quam
484 778 585 827 iam
617 775 993 845 propemodum
1035 777 1203 847 adepti
1232 783 1416 852 effent3

127 889 232 923 non
269 870 507 940 super-effe
541 870 691 920 victis
742 868 839 918 vlla
878 867 1091 939 suffugia
1122 892 1136 935 3
1182 893 1421 932 exarma-

126 972 234 1011 tam
269 962 360 1011 esse
387 961 551 1010 aciem
581 958 794 1021 ;ablatis
829 956 1014 1022 valui33
1035 962 1279 1033 quicquid
1299 987 1417 1021 mu-

126 1056 340 1108 nitionis
371 1053 470 1104 fuit
500 1090 514 1112 ,
565 1070 669 1103 non
699 1053 800 1103 iam
838 1053 1008 1105 minus
1058 1057 1185 1109 hosti
1215 1099 1229 1120 ,
1259 1081 1416 1132 quam

127 1149 243 1217 ipsrs
281 1162 449 1216 patere
483 1167 498 1210 ς
534 1146 689 1197 adeffe
717 1148 892 1197 omnia
942 1151 1134 1203 auxilia
1168 1192 1181 1214 ,
1230 1174 1342 1224 quae
1388 1171 1419 1206 a

126 1236 232 1290 suis
276 1238 456 1307 sperari
486 1237 678 1306 poffent
704 1259 718 1301 3
768 1253 852 1289 aut
880 1240 958 1289 his
987 1245 1150 1311 copiis
1172 1248 1264 1298 effe
1302 1251 1419 1303 vin-

125 1331 385 1389 cendum,
434 1344 520 1380 aut
569 1331 927 1399 pereundum3
989 1337 1321 1391 meminerint
1368 1341 1420 1392 se

126 1441 233 1475 non
272 1424 440 1474 minus
467 1442 558 1494 pro
584 1424 686 1474 vita
718 1462 730 1483 ‚
774 1442 927 1492 quam
956 1425 1173 1496 imperio
1218 1450 1418 1503 pugna..

126 1532 200 1567 re.
244 1511 295 1562 Si
349 1513 525 1581 pedem
581 1511 824 1563 referrent
871 1533 962 1565 nec
1013 1517 1164 1569 victis
1213 1522 1415 1583 vitam,

125 1619 220 1655 nec
257 1602 473 1652 mortuis
508 1601 813 1670 sepulturam
856 1605 1276 1662 immanissimum
1321 1612 1421 1663 ho-

90 1737 93 1739 .
125 1693 248 1746 stem
277 1694 645 1746 conceffurum.

199 1784 311 1835 Hts
339 1785 484 1835 ducis
510 1785 721 1836 vocibus
742 1787 1022 1856 experrecti
1051 1829 1066 1850 ,
1093 1804 1231 1845 tanta
1256 1798 1417 1849 animi

127 1873 410 1943 praestantia
457 1874 511 1924 in
559 1874 722 1925 hostes
763 1876 811 1926 se
861 1878 1085 1931 referunt
1108 1921 1123 1939 ,
1177 1897 1229 1934 vt
1255 1904 1419 1954 quan-

129 1983 281 2034 quam
305 1982 392 2033 per
412 1963 664 2014 summam
694 1968 1024 2033 pertinaciam
1050 1971 1210 2024 hostes
1231 1977 1419 2030 refiste-

126 2069 238 2108 rent
263 2094 275 2114 ‚
307 2056 559 2126 impetum
589 2069 758 2108 tamen
786 2059 1067 2112 nostrorum
1088 2068 1307 2137 amplius
1334 2070 1419 2122 su..

126 2145 308 2199 stinere
336 2165 439 2197 non
470 2148 645 2216 poffint
665 2169 676 2199 :
698 2148 950 2220 effusaque
975 2153 1122 2224 fuga,
1142 2172 1280 2229 terga
1304 2181 1422 2213 ver-

124 2252 314 2292 terunt.
347 2239 522 2308 Qrare
570 2240 830 2311 disperfim
879 2247 1104 2314 palantes
1132 2289 1147 2310 ,
1195 2255 1281 2305 alii
1325 2275 1418 2324 per

125 2348 343 2404 pontem
368 2371 384 2392 ,
412 2335 498 2385 alii
528 2353 615 2404 per
634 2337 757 2388 vada
786 2377 799 2398 ,
827 2344 1044 2393 natando
1067 2349 1420 2420 currendoque

127 2423 198 2484 se,
224 2439 473 2495 quotquot
500 2443 708 2497 potuere
728 2469 742 2491 ,
769 2445 911 2484 extra
937 2434 1149 2487 insulam
1175 2439 1409 2491 eiieiunt.

127 2515 313 2587 Itaque
337 2520 528 2590 oppido
575 2536 762 2592 capto,
814 2527 1079 2597 castrisque
1126 2529 1365 2598 superatis
1395 2566 1411 2589 ,

119 2609 187 2674 ia
217 2629 431 2665 omnem
459 2611 641 2667 sexum
664 2616 797 2670 ferro
822 2619 1040 2692 igneque
1067 2622 1296 2676 saeuitum
1322 2621 1414 2672 est.

1248 2713 1383 2785 Qae
