1931 3239
428 219 502 256 DE
537 215 728 252 BELLO
760 214 1097 252 cAMBMco
1134 221 1261 256 SEC.
1346 221 1449 275 249

190 328 391 380 fortuna
415 323 690 374 retinuerat
719 360 731 378 .
772 321 826 371 in
858 319 1074 371 subfime
1112 323 1271 374 ela-tos
1306 363 1317 381 ,
1371 340 1486 378 tan-

188 435 341 487 quam
381 415 663 469 minutulos
689 413 850 464 silices
878 414 1100 465 disiecit.
1147 414 1268 481 Quo
1300 417 1483 467 miser-

184 514 320 565 rimo
347 525 533 562 euentu
582 510 784 561 circiter
825 508 1142 579 septuaginta
1169 509 1352 559 strenui
1384 514 1487 562 mi-

183 605 301 657 lites
331 605 568 656 interiere
599 641 613 663 ‚
642 621 863 671 quorum
900 622 1013 672 pars
1042 604 1093 653 in
1122 602 1300 654 fossam
1331 641 1345 662 ,
1374 623 1488 671 pars

185 703 240 754 in
267 702 488 753 hostium
515 699 754 752 stationes
784 735 798 759 s
829 699 992 750 ferme
1019 718 1201 750 omnes
1229 700 1380 751 staffili
1410 700 1489 748 di-

183 798 494 866 laceratique
520 789 833 847 ceciderunt.
881 794 1096 864 Insuper
1122 795 1158 847 ii
1191 832 1205 854 ,
1247 813 1378 863 quos
1407 795 1489 846 in-

181 890 312 941 felix
338 887 481 940 casus
522 888 578 938 in
602 887 823 938 hostium
851 886 1005 939 castra
1032 888 1234 956 integro
1277 904 1493 957 corpore

181 987 449 1036 traiecerat
480 1022 492 1042 ‚
521 1001 818 1051 quanquam
846 983 965 1052 igne
995 983 1178 1034 foedati
1232 983 1451 1034 omnino
1474 1020 1490 1043 ,

181 1079 233 1129 &
259 1077 523 1127 exanimes
543 1076 660 1127 vitae
689 1077 1040 1127 incommodis
1070 1075 1309 1126 ceffill'ent
1339 1114 1352 1135 ,
1386 1076 1492 1126 mi-

183 1170 437 1221 nutissime
485 1183 657 1220 tamen
704 1172 767 1220 ab
819 1169 1040 1220 hostium
1093 1170 1275 1239 gladiis
1327 1169 1490 1221 hasta-

179 1283 399 1335 rumque
425 1266 760 1317 mucronibus
790 1304 803 1324 ,
832 1280 1077 1334 tanquam
1128 1283 1240 1316 eam
1276 1284 1489 1335 poenam

181 1357 371 1409 sensuri
414 1357 568 1408 effent
594 1396 608 1417 ,
639 1356 834 1408 diffeffi
863 1357 1024 1408 fuere.
1070 1356 1189 1408 Hoc
1232 1358 1490 1411 horrendo

183 1456 493 1526 spectaculo,
522 1456 651 1506 illud
679 1457 932 1507 memoria
962 1459 1177 1528 dignum
1204 1456 1373 1508 visum
1399 1455 1488 1513 est,

181 1552 285 1602 illis
313 1590 325 1609 ,
362 1570 491 1619 quos
514 1552 743 1619 pulueris
785 1553 834 1603 &
862 1551 996 1621 ignis
1025 1553 1178 1604 visin
1202 1569 1368 1602 aerem
1398 1568 1490 1600 ex-

178 1643 379 1712 pulerat
408 1682 420 1702 ,
451 1643 611 1695 hastas
635 1643 943 1713 clypeosque
965 1664 1068 1695 non
1106 1658 1255 1695 antea
1287 1645 1347 1694 de
1376 1661 1489 1693 ma-

181 1739 331 1789 nibus
359 1738 636 1797 defluxisse,
665 1757 821 1808 quam
841 1777 854 1798 ‚
878 1740 1147 1791 deficiente
1184 1758 1241 1791 ac
1270 1739 1488 1790 omnino

180 1830 510 1881 euanescente
555 1834 728 1882 anima
756 1871 770 1891 ‚
825 1833 1071 1884 cadauera
1115 1832 1224 1901 ipsa
1250 1831 1489 1882 deorsum

181 1921 498 1992 praecipitata
544 1922 912 1973 relaberentur.
964 1923 1044 1974 Ex
1090 1923 1154 1972 iis
1195 1940 1348 1992 porro
1398 1922 1488 1990 qui

182 2012 329 2082 super
357 2015 540 2064 turrim
570 2015 623 2065 in
652 2016 747 2065 hac
775 2015 1069 2065 calamitate
1112 2015 1440 2066 constiterant
1472 2051 1486 2072 ,

181 2103 366 2172 viginti
387 2116 608 2161 tantum,
640 2103 843 2173 ignibus
870 2104 1084 2155 ambusti
1104 2143 1117 2163 ,
1146 2105 1249 2156 viui
1278 2123 1486 2156 reman-

181 2195 372 2246 serunt.
415 2195 591 2247 Notos
631 2198 829 2264 equites
869 2196 1140 2248 Lusitanos
1184 2196 1486 2249 desideratos

180 2287 276 2337 effe
303 2286 494 2337 constat
525 2325 540 2346 ,
578 2286 963 2338 Ferdinandum
990 2286 1249 2340 Castrium
1301 2288 1486 2340 Prore-

184 2379 262 2448 gis
290 2379 458 2431 filium
501 2418 514 2440 ,
545 2380 920 2432 adolescentem
957 2381 1159 2433 summa
1186 2380 1271 2451 spe
1303 2420 1316 2440 ,
1346 2381 1487 2433 sum·

183 2487 372 2538 maque
412 2470 583 2521 indole
622 2471 897 2539 praeditum
928 2508 942 2529 ,
974 2470 1229 2523 Ioannem
1273 2467 1485 2521 Almei-

184 2562 304 2611 dam
338 2600 350 2620 ,
381 2562 710 2614 Ludouicum
739 2561 968 2614 Mellum
999 2602 1013 2623 ,
1044 2563 1348 2615 Diodocum
1388 2558 1484 2610 So-

182 2653 492 2707 tomaiorem
511 2692 529 2716 ,
571 2654 869 2709 Antonium
919 2655 1241 2708 Rodeticum
1267 2651 1483 2723 quaesto-

1284 2762 1394 2798 rem
1427 2780 1443 2803 ,
