1965 3256
552 263 652 328 248
875 272 1160 310 DAMIANI
1193 272 1231 306 A
1264 269 1412 306 coes

509 385 614 435 lein
644 382 812 435 versus
835 379 1126 450 componit.
1183 375 1356 443 Atque
1382 388 1499 423 cum
1537 387 1597 419 eo
1622 386 1800 437 perne-

509 481 653 532 nisset
685 517 697 537 ,
725 488 904 547 praeter
934 473 1093 525 muita
1119 470 1217 520 alia
1247 507 1260 527 ‚
1289 466 1475 535 quibus
1505 481 1534 513 a
1563 461 1800 512 Saiomo·

511 595 574 627 ne
600 574 795 624 erudita
814 569 880 620 est
910 607 922 628 ,
971 567 1164 634 Legem
1194 582 1252 615 ac
1279 560 1558 630 Prophetas
1578 554 1756 606 didicit
1784 589 1799 610 ,

513 684 670 732 eaque
721 665 773 714 in
822 659 1036 731 patriam
1088 657 1103 725 (
1132 655 1371 707 facultate
1400 653 1668 719 impetrata
1712 646 1801 696 ab*-

512 759 666 813 cnndi
697 753 713 823 )
740 751 1062 824 proficiscens
1087 786 1099 807 ,
1130 749 1183 798 in
1211 750 1389 799 itinere
1417 746 1581 796 filium
1605 779 1617 799 ,
1647 754 1803 808 quem

512 879 577 913 ex
607 858 878 910 Salomone
906 859 1207 917 conceperat
1241 883 1254 905 ,
1282 843 1477 914 peperit
1507 880 1520 900 ,
1574 838 1660 907 qui
1711 853 1804 885 vo-

521 966 665 1003 catus
717 945 784 996 est
823 939 1056 992 Nieilech
1088 975 1102 995 ,
1150 953 1304 1004 quem
1349 932 1454 1003 ipsa
1504 930 1702 999 Regina
1752 926 1805 976 in

514 1036 792 1103 Aethiopia
819 1029 970 1098 Vsque
997 1031 1058 1079 ad
1083 1027 1385 1096 vigefimum
1419 1021 1583 1072 aetatis
1613 1034 1806 1068 annum

513 1132 648 1203 apud
677 1129 723 1178 se
751 1123 986 1175 educauit
1016 1159 1028 1180 ,
1085 1138 1141 1170 ac
1171 1117 1337 1187 postea
1388 1116 1449 1164 ad
1479 1112 1806 1162 Salomonem

515 1227 623 1275 eius
652 1233 846 1292 patrem
875 1214 1092 1274 remisit,
1117 1226 1170 1264 vt
1198 1213 1257 1263 ab
1284 1227 1344 1260 eo
1373 1205 1632 1257 scientiam
1654 1205 1704 1254 &
1730 1202 1806 1252 sa-

514 1315 761 1389 pientiam
791 1306 1031 1364 disceret,
1060 1320 1213 1372 quem
1239 1320 1328 1371 per
1354 1302 1548 1351 litteras
1575 1294 1808 1347 obsecra-

513 1412 590 1461 uit
622 1446 634 1466 ‚
663 1417 715 1456 vt
742 1400 909 1452 fiiinm
936 1394 1169 1446 Meilech
1192 1429 1206 1451 ,
1245 1410 1418 1444 coram
1445 1408 1560 1442 arca
1599 1384 1808 1438 foederis

517 1493 798 1553 testamenti
832 1488 1050 1543 Domini
1074 1524 1085 1544 ,
1117 1504 1290 1555 regem
1313 1482 1606 1552 Aethiopiae
1630 1478 1808 1531 conse-

514 1605 675 1647 craret
707 1626 720 1647 ,
749 1605 805 1637 ac
856 1593 1048 1634 crearet
1079 1618 1092 1639 ,
1142 1597 1266 1630 neve
1310 1575 1522 1627 vlterius
1575 1575 1809 1626 foeminae

526 1685 606 1735 ins
636 1673 882 1748 regnandi
913 1672 968 1722 in
996 1669 1281 1738 Aethiopia
1307 1668 1549 1717 haberent
1578 1703 1590 1723 ‚
1618 1677 1670 1714 vt
1697 1677 1808 1714 tum

516 1778 571 1828 in
599 1794 744 1826 more
772 1787 878 1825 erat
905 1809 917 1830 ,
966 1768 1052 1819 sed
1079 1780 1130 1817 vt
1178 1763 1318 1814 recto
1370 1759 1576 1811 tramite
1595 1757 1807 1809 masenii

514 1873 570 1923 in
596 1887 809 1940 regnum
839 1864 1179 1918 succederent.
1221 1857 1329 1925 Qii
1357 1873 1476 1906 cum
1506 1853 1808 1923 Hierosoly-

515 1977 657 2011 mam
684 1960 846 2018 venit,
870 1976 898 2007 a
923 1967 1060 2025 patre
1082 1951 1232 2002 facile
1252 1945 1429 1998 matris
1445 1942 1690 2015 postulata
1714 1946 1808 1995 ob-

516 2051 675 2102 tinuit
705 2090 718 2111 ,
753 2069 808 2102 ac
837 2068 928 2120 pro
957 2043 1189 2097 Meilech
1239 2053 1445 2093 vocatus
1496 2038 1562 2089 est
1591 2036 1764 2089 Dauid
1793 2072 1808 2093 ,

518 2160 672 2207 quem
690 2143 798 2210 jam
827 2137 1027 2190 abunde
1056 2136 1108 2185 in
1136 2133 1247 2202 lege
1277 2169 1292 2192 ,
1319 2143 1468 2198 atque
1494 2126 1548 2177 in
1573 2126 1686 2176 aliis
1707 2122 1808 2174 dlf-

515 2234 722 2302 ciplinis
773 2233 1013 2283 edocitum
1056 2241 1234 2297 ‚pater
1279 2223 1521 2294 Salomon
1546 2218 1806 2272 constituit

516 2325 578 2383 ad
608 2338 824 2373 matrem
854 2323 1116 2375 remittere
1148 2359 1161 2379 ,
1214 2319 1263 2369 &
1290 2315 1501 2384 quidem
1528 2329 1647 2364 cum
1698 2326 1810 2358 ma-

518 2417 626 2467 iore
671 2431 850 2465 ornatu
883 2454 894 2472 ,
939 2431 1180 2481 regioque
1225 2421 1485 2479 apparatu.
1546 2403 1628 2456 Ad
1673 2397 1810 2468 quod

517 2507 903 2557 munificentius
933 2505 1331 2561 conficiendum,
1365 2499 1584 2550 comites
1610 2493 1686 2545 illi
1714 2509 1810 2541 no-

519 2603 646 2652 biles
681 2641 692 2661 ,
723 2620 777 2651 ac
807 2601 1090 2670 primornm
1118 2598 1345 2646 virorum
1399 2594 1532 2644 filios
1560 2584 1762 2640 tradidit
1790 2617 1810 2640 ‚

518 2698 606 2765 qui
635 2698 678 2747 ei
708 2715 801 2764 pro
829 2694 964 2764 regio
1003 2709 1144 2744 inore
1198 2687 1519 2740 inseruirent.
1563 2681 1811 2732 Praeterea

1595 2773 1768 2822 decre-
