1931 3239
149 204 540 252 DEPLORATIO
569 204 893 242 LAPPIANAE
924 205 1164 248 GENTIS.
1245 216 1347 270 ‘795-

1247 241 1274 251 ..a

64 319 315 389 navigant
335 353 350 375 ,
375 325 427 363 vt
454 310 830 380 permutatione
858 296 1057 361 tantum
1087 321 1347 368 annonam

76 411 127 460 &
149 405 416 478 pecuniam
450 440 462 463 ,
508 403 650 454 nullo
696 401 926 453 sermone
955 403 1188 455 adhibito
1211 444 1222 464 ,
1265 408 1349 460 sed

71 500 190 552 solis
232 495 439 548 nutibus
466 511 669 566 agentes
694 534 708 556 ,
749 497 1040 565 acquirant.
1093 496 1153 546 Id
1183 497 1348 553 solum

71 589 257 639 accidit
306 590 371 639 ob
421 589 609 658 linguae
654 591 938 640 barbariem
969 628 982 649 ,
1035 591 1084 641 &
1112 589 1350 659 asperita-

70 692 173 729 tem
204 716 217 739 ‚
259 679 487 748 alioquin
510 680 562 730 in
586 679 684 731 suis
712 681 1173 750 permutationibus
1211 681 1353 753 saga-

69 788 153 822 ces
192 773 241 825 &
266 772 592 842 expertiflimi
646 779 779 825 sunt.
824 774 969 827 Gens
1015 775 1255 826 bellicosa
1303 778 1353 829 &

68 863 295 914 animosa
319 865 404 915 est.
450 863 595 914 Loco
640 883 889 933 equorum
917 880 1126 916 Vtuntur
1152 867 1350 918 anima-

68 955 224 1013 libus,
247 975 358 1025 quae
380 957 569 1027 Raingi
593 957 678 1008 suo
705 957 934 1009 sermone
955 974 1223 1017 vocantur,
1241 977 1354 1009 ma-

69 1052 394 1121 gnitudinem
421 1051 470 1100 &
496 1050 722 1100 colorem
768 1050 888 1100 asini
922 1087 934 1108 ‚
978 1051 1190 1118 vngulas
1236 1050 1354 1100 bisi--v

69 1148 155 1197 das
177 1186 189 1206 ‚
218 1147 438 1198 formam
462 1159 611 1214 atque
639 1163 828 1195 cornua
868 1163 1129 1195 cervorum
1160 1145 1352 1195 haben4

70 1241 207 1291 tibus
243 1279 257 1300 ,
297 1239 379 1291 sed
406 1258 597 1291 cornua
632 1240 873 1308 lanugine
915 1239 1132 1308 quadam
1161 1255 1353 1306 coope-

71 1334 272 1385 riuntur
303 1372 315 1393 ‚
340 1335 389 1384 &
415 1334 691 1385 humiliora
716 1371 729 1390 ,
768 1336 817 1384 δι’
846 1334 1001 1384 ramis
1031 1331 1219 1381 rariora
1245 1348 1356 1380 cer-⁵

71 1426 122 1477 vi
151 1429 241 1497 (vt
268 1425 355 1496 ipsi
384 1428 605 1478 vidimus
629 1425 644 1493 )
685 1425 817 1477 sunt.
882 1423 1010 1475 Haec
1058 1437 1210 1474 tantae
1241 1423 1354 1474 sunt

69 1517 384 1579 velocitatis,
429 1530 482 1566 vt
511 1515 671 1586 spatio
699 1515 966 1565 duodecim
997 1515 1236 1566 horarum
1265 1535 1354 1567 ve„

71 1608 304 1659 hiculum
327 1610 389 1659 ad
413 1609 620 1678 triginta
637 1608 879 1658 milliaria
897 1605 1212 1658 Germanica
1232 1627 1352 1677 pro-

70 1702 258 1770 ripiant
287 1740 301 1762 ,
332 1703 386 1753 in
408 1721 626 1771 quorum
653 1701 904 1771 progreffu
935 1739 949 1761 ,
997 1700 1136 1750 lento
1163 1701 1241 1751 vel
1268 1719 1355 1751 ce-

69 1794 205 1853 leri,
257 1811 321 1844 ex
360 1796 604 1845 tibiarum
645 1795 982 1845 articulorum
1035 1793 1354 1862 agitatione,‹

69 1884 133 1936 ad
161 1882 309 1933 instar
335 1903 524 1935 nucum
553 1885 830 1936 collisionis
875 1885 1096 1953 crepitus
1125 1884 1348 1936 auditur.

72 1971 283 2042 Religio
311 1974 429 2026 istus
457 1977 621 2046 gentis
650 1976 716 2025 est
747 2014 761 2034 ,
812 1978 861 2026 ἃ
897 1977 1070 2045 ignem
1097 1976 1145 2024 &
1176 1974 1355 2026 statuas

71 2063 296 2134 lapideas
326 2086 416 2135 pro
456 2068 553 2118 diis
581 2069 782 2119 habere.
828 2067 909 2118 Ex
948 2066 1125 2136 quauis
1163 2084 1214 2116 re
1242 2066 1355 2116 ani-

74 2172 213 2210 mata
239 2163 312 2212 eis
339 2181 489 2212 mane
515 2179 813 2214 occurrente
845 2202 858 2223 ,
887 2164 1044 2214 totius
1070 2161 1166 2211 diei
1196 2178 1354 2210 euen-

73 2261 184 2300 tum
214 2252 442 2305 iudicant
475 2294 488 2315 ,
513 2257 560 2306 &c
582 2270 909 2326 augurantur.
941 2254 1351 2306 Matrimonium

74 2338 344 2396 observant
379 2385 393 2403 ‚
428 2350 476 2398 &
505 2350 637 2398 mire
665 2349 776 2399 sunt
805 2346 1061 2416 Zelotypi.
1107 2343 1351 2395 Incanta-

72 2434 262 2484 mentis
288 2435 350 2486 sic
379 2439 553 2506 polent
584 2477 597 2498 ,
625 2455 675 2490 vt
705 2443 833 2490 inter
863 2437 1026 2489 multa
1077 2436 1176 2485 alia
1204 2433 1346 2484 diem

73 2524 225 2584 mira»
243 2545 354 2595 quae
381 2533 735 2597 praetermittO,
763 2548 912 2583 naves
932 2530 985 2580 in
1011 2527 1181 2579 medio
1208 2522 1357 2575 cursu

74 2612 358 2676 retineant,
391 2625 458 2678 sic
496 2642 550 2680 vt
586 2627 728 2678 nulla
757 2626 808 2677 vi
834 2638 1102 2679 ventorum
1129 2613 1355 2668 amoveri

624 2723 680 2779 X
1205 2704 1325 2774 post
