1931 3239
495 219 943 260 HISPANIA
1341 225 1408 280 55

119 324 246 379 Sunt
269 346 467 399 quoque
493 332 545 384 in
573 352 629 383 ea
655 332 862 383 diuersis
891 333 944 382 in
971 329 1103 380 locis
1143 327 1295 378 calidi
1329 331 1379 379 &

118 416 288 490 frigidi
324 420 492 474 fontes
518 463 531 484 ,
585 427 647 476 ad
687 424 911 476 diuerso<
951 423 1162 473 morbos
1207 418 1382 471 effica-

118 516 250 564 ciam
291 517 583 569 mirabilem
623 519 887 571 habentes,

397 684 814 798 Hypanim
850 712 1100 799 regna.

114 886 264 1024 D
285 892 514 948 ‘lviditur
539 897 793 968 Hispania
837 899 892 949 in
922 894 1196 947 duodecim
1226 900 1384 961 regna

297 1005 499 1057 nempe·

116 1119 196 1200 C
210 1129 409 1200 assellae
433 1132 658 1200 antiquae
783 1132 1050 1182 Valentiae.

228 1230 283 1278 ‘d’
323 1246 469 1276 noctae
480 1264 492 1278 .
800 1226 975 1277 Toleti.

121 1317 313 1371 Leonis.
801 1317 1058 1369 Gallitiae.

118 1408 413 1476 Aragoniae.
795 1406 1165 1475 Algarbiorum.

120 1500 169 1551 P
174 1499 478 1566 ortztgalliae.
790 1499 889 1550 Mu
898 1497 1041 1548 rticze.

167 1589 410 1643 sauarrae.
803 1587 1072 1640 Cordubae.

123 1681 396 1732 Granatae.

227 1825 469 1893 Qorum
508 1840 783 1894 regnorum
834 1825 1107 1894 vefiigalia
1139 1863 1152 1884 ,
1193 1837 1247 1875 vt
1295 1843 1390 1893 pro

120 1926 386 1977 comperto
421 1912 633 1962 habetur
660 1950 674 1970 ,
702 1927 888 1977 magna
925 1911 1058 1965 sunt.
1100 1911 1218 1961 Nec
1245 1912 1388 1962 enim

134 1999 394 2070 sigillatim
427 2041 442 2062 ,
471 2004 593 2072 quid
621 2019 683 2051 ex
715 2019 1025 2070 vnoquoque
1051 2017 1210 2071 regno
1235 2001 1397 2073 Regi-

121 2095 218 2145 bus
256 2095 519 2167 Hispaniae
570 2095 857 2155 accrescat,
898 2095 1137 2146 auderem
1179 2094 1388 2156 dicere,

123 2205 244 2238 cum
271 2190 503 2242 dubitem
542 2226 557 2248 ,
593 2188 646 2238 id
695 2206 758 2238 ne
809 2187 883 2238 eis
925 2200 1128 2257 gratum
1156 2187 1391 2241 futurum

124 2277 182 2328 fit
210 2317 225 2339 ,
267 2297 331 2329 an
357 2297 481 2331 non.
551 2278 645 2329 Sed
689 2279 787 2329 hoc
833 2279 960 2330 scito
990 2319 1003 2340 ,
1052 2279 1219 2351 Reges
1249 2281 1390 2336 istius

124 2367 390 2438 Hispaniae
424 2408 438 2430 ,
478 2389 589 2440 quae
635 2389 663 2421 a
695 2371 957 2422 nonnullis
1000 2371 1253 2442 imperitis
1293 2374 1393 2426 ho-

122 2459 352 2509 minibus
403 2459 519 2511 satis
569 2474 761 2512 temere
806 2461 986 2513 sterilis
1017 2477 1343 2533 nuncupatur
1375 2502 1391 2524 ,

121 2569 291 2603 annue
339 2553 467 2604 vltra
493 2557 830 2628 quinquagies
859 2569 1073 2607 centena
1100 2558 1267 2608 millia
1293 2556 1390 2607 du·

124 2657 358 2695 catorum
383 2665 652 2703 aureorum
683 2688 697 2711 ,
720 2664 905 2718 praeter
929 2650 1230 2702 exaffiones
1256 2687 1270 2709 2
1311 2650 1394 2697 51¹·

135 2735 195 2789 de
221 2738 473 2807 accipere.
1205 2742 1375 2793 Eccle-
