1931 3239
542 209 1007 250 HISPANIA
1304 198 1372 253 81

130 325 260 396 fecit
280 361 296 384 ,
333 318 492 392 eosque
531 338 589 370 ex
626 337 767 385 regno
803 315 1028 384 Legionis
1052 313 1250 365 ciuitate
1275 335 1410 366 acce-

135 431 225 486 pta
245 413 441 484 expulit.

242 503 528 555 Bernardus
564 521 595 551 a
624 502 784 570 Carpe
810 537 823 560 ,
869 500 995 552 Dux
1025 498 1316 569 praeclarus
1346 496 1405 545 {5

139 600 225 651 vir
246 599 447 650 eximius
472 637 486 657 ‚
514 597 601 668 qui
629 597 852 647 Carolum
879 597 1123 664 Magnum
1144 595 1410 663 Imperato-

138 713 234 745 rem
263 695 320 744 ἔθ’
342 692 579 743 duodecim
605 689 843 743 Franciae
869 691 1028 743 Pares
1053 690 1185 759 apud
1203 687 1251 737 R
1260 704 1417 735 onces-

135 785 285 836 valles
321 785 499 836 deuia-it
525 821 539 843 ,
589 802 857 853 quanquam
910 785 1164 835 Gallorum
1203 780 1412 831 Annales

136 876 379 946 Hispanis
423 875 546 926 hanc
589 877 847 928 vic‘i‘oriam
874 878 1115 944 denegent.

246 969 578 1020 Ferdinandus
623 971 935 1029 Gonzal‘ues,
973 970 1130 1018 Comes
1173 967 1413 1034 Castellae

139 1056 272 1115 eius,
309 1076 427 1124 quae
461 1077 583 1108 nunc
622 1079 816 1126 regnum
853 1061 915 1129 est
938 1098 950 1119 ,
1000 1063 1056 1111 ὅ
1081 1059 1282 1126 antiqua
1314 1058 1412 1107 Ca-

121 1148 270 1216 stella
316 1159 552 1207 vocatur,
592 1149 641 1198 in
686 1151 822 1200 cuius
870 1150 1068 1220 historia
1106 1152 1199 1200 late
1235 1162 1406 1219 patet,

140 1253 345 1309 quantae
370 1241 577 1292 virtutis
613 1242 699 1292 vir
708 1243 876 1313 fuerit
918 1281 932 1303 ,
971 1256 1112 1313 atque
1124 1243 1266 1312 filius
1309 1243 1408 1294 eius

141 1337 351 1388 Gartias
376 1337 712 1390 Ferdinandus
742 1342 796 1391 ὅ
822 1339 1026 1390 Santius
1053 1351 1187 1407 nepos
1205 1376 1216 1387 .

242 1429 509 1480 Rodericus
545 1412 688 1481 Diaz
736 1434 792 1482 de
839 1433 1004 1483 Biuar
1026 1471 1039 1490 ,
1093 1442 1385 1499 cognomento

147 1521 253 1573 Gid
276 1558 291 1579 ,
336 1520 420 1587 qui
456 1517 620 1570 bonam
638 1534 829 1590 partem
853 1523 1214 1595 Hispaniarum
1247 1545 1305 1573 ex
1335 1536 1406 1593 ty-

139 1615 338 1667 rannide
363 1614 663 1666 Maurorum
685 1616 934 1678 liberauit,
964 1619 1100 1670 cuius
1138 1638 1298 1669 nomen
1325 1619 1403 1667 in-

143 1719 220 1758 ter
248 1705 462 1756 [Mauros
490 1705 709 1757 terribile
731 1745 746 1768 ‚
777 1710 833 1760 δ’
859 1728 1058 1778 magnae
1082 1709 1412 1761 venerationis

124 1802 253 1872 fuit.

250 1892 585 1945 Ferdinandus
641 1905 931 1961 cognomento
981 1895 1189 1946 SanHus
1228 1933 1244 1955 ‚
1296 1897 1405 1946 Rex

141 1981 369 2058 Castellae
429 2024 443 2045 ,
491 1987 576 2055 qui
645 2005 700 2036 ex
741 1986 1010 2037 Andalucia
1047 1988 1176 2036 mira
1220 1988 1408 2039 virtute

137 2080 351 2132 hlauros
360 2077 571 2149 fugauit
598 2116 613 2138 ,
633 2078 1030 2148 prouinciamque
1047 2078 1151 2151 sthi
1178 2080 1402 2134 obtinuit.

248 2170 445 2223 Iacobus
490 2171 599 2221 Rex
634 2170 910 2240 Aragoniae
938 2210 950 2231 ,
978 2172 1064 2240 qui
1089 2182 1286 2239 regnum
1310 2173 1411 2224 Va·

136 2264 308 2315 lentiae
338 2268 395 2317 &5
418 2264 653 2323 Baleares
691 2263 869 2337 insulas
907 2285 937 2314 a
963 2266 1213 2336 tyrannide
1247 2266 1413 2319 Mau-

138 2375 301 2407 rorum
328 2356 574 2407 liberauit.

137 2449 361 2522 Alfonsus
390 2450 579 2520 primus
614 2451 724 2502 Rex
749 2450 1025 2521 Lufitaniae
1049 2489 1061 2510 ‚
1093 2453 1178 2525 qui
1220 2472 1277 2504 ex
1305 2464 1397 2504 loto

133 2542 286 2612 ferme
330 2562 470 2609 regno
496 2543 708 2594 Mauros
734 2547 923 2614 expulit
946 2585 960 2606 ‚
990 2546 1126 2597 cuius
1145 2548 1276 2615 gesta
1312 2566 1417 2598 ma-

137 2634 218 2702 gis
264 2635 497 2687 videntur
533 2636 708 2689 diuina
734 2675 748 2697 ,
776 2658 917 2706 quam
949 2638 1180 2691 humana.

1289 2727 1428 2778 Ioan-
