1965 3256
553 210 653 277 148
940 222 1222 262 DAMIANI
1270 224 1310 261 A
1355 219 1496 264 cors

512 331 834 388 cillarentur,
877 346 933 379 ac
960 325 1152 401 aliquid
1192 333 1255 383 ab
1301 345 1527 384 extrema
1555 330 1642 383 illa
1690 327 1783 385 dea-⁶

513 421 800 490 speratione
843 425 1180 478 remitterent.
1226 426 1443 478 Proinde
1468 446 1496 477 a
1522 425 1608 477 suo
1631 441 1784 497 opere

508 530 616 563 non
653 513 942 565 desistebant
962 553 975 574 ,
1021 531 1072 566 vt
1112 517 1145 567 fi
1175 517 1304 570 forte
1330 518 1497 570 rursus
1534 519 1694 570 hostes
1718 518 1783 570 ad

510 623 738 675 pugnam
783 608 946 658 redire
976 609 1217 660 evenisset
1242 648 1256 670 ‚
1290 610 1337 660 se
1363 610 1708 661 defenderent.

619 698 841 749 NOCTE
895 702 1211 769 praeterlapsa
1238 741 1252 762 ,
1298 704 1478 771 dieque
1522 703 1784 771 progredi-

511 806 631 843 ente
660 829 674 851 ,
720 791 881 844 hostes
910 795 926 863 (
952 809 1004 844 vt
1044 796 1188 864 prius
1223 796 1422 847 dicium
1448 794 1514 847 est
1541 792 1558 860 )
1595 795 1649 845 in
1681 793 1783 843 suis

510 884 776 936 medendis
802 922 815 942 ,
837 886 886 934 &
913 885 1210 955 sepeliendis
1230 886 1465 955 occupati
1485 886 1626 936 fuere
1646 923 1660 944 ‚
1689 901 1783 935 nec

508 978 603 1048 ipsi
644 998 673 1029 a
692 979 869 1029 nostris
900 1018 913 1038 ,
940 999 1034 1030 nec
1062 981 1212 1031 nostri
1239 983 1301 1030 ab
1329 979 1444 1048 ipsis
1470 979 1617 1046 petiti
1644 978 1781 1029 sunt.

512 1072 756 1140 Sequenti
791 1090 910 1121 vero
937 1074 1087 1123 nocte
1109 1074 1125 1142 (
1150 1072 1251 1122 Dei
1294 1066 1482 1138 opera)
1509 1087 1626 1119 ecce
1647 1068 1786 1118 sede-

511 1165 617 1215 cim
643 1164 742 1213 illae
785 1163 1051 1214 liburnicae
1081 1201 1093 1222 ‚
1128 1181 1252 1232 quas
1282 1160 1497 1213 Nonius
1543 1178 1572 1210 a
1599 1157 1788 1209 Cunha

508 1255 701 1307 Prorex
753 1254 955 1306 miserat
988 1293 1000 1315 ‚
1053 1257 1326 1307 aduentant
1348 1292 1361 1314 ‚
1407 1272 1521 1323 quae
1569 1266 1787 1322 quatuor

505 1350 739 1402 millibus
765 1350 992 1421 passuum
1023 1370 1051 1402 a
1072 1351 1216 1402 classe
1258 1350 1489 1404 Turcica
1516 1350 1680 1400 adhuc
1707 1347 1787 1397 di-

506 1439 688 1491 stantes
709 1476 721 1498 ,
750 1439 939 1492 ducum
959 1439 1167 1491 consilio
1198 1481 1211 1501 ,
1240 1442 1292 1492 in
1320 1460 1617 1512 vnaquaque
1660 1461 1786 1510 qua-

506 1549 623 1587 tuor
661 1533 944 1583 luculentas
983 1533 1118 1584 faces
1169 1535 1374 1603 erigunt
1410 1574 1423 1595 ‚
1462 1554 1573 1605 quae
1600 1536 1666 1584 ob
1690 1550 1786 1583 no-

510 1624 608 1673 &is
636 1623 992 1675 obscuritatem
1034 1625 1199 1675 visum
1243 1625 1460 1676 hostium
1500 1625 1786 1694 quadruplo

514 1718 792 1776 fallebant,
838 1715 1184 1767 existimantes
1207 1754 1222 1776 ,
1253 1734 1342 1784 pro
1366 1717 1566 1785 ignium
1606 1734 1787 1768 nume-

512 1832 571 1864 ro
608 1850 620 1871 ‚
645 1811 1028 1861 multitudinem
1056 1810 1267 1860 nauium
1294 1809 1614 1878 respondere.
1664 1808 1786 1859 Hoc

511 1906 858 1973 stratagemate
909 1902 976 1953 vsi
1017 1921 1203 1972 magna
1236 1903 1495 1953 celeritate
1523 1940 1536 1960 ,
1589 1903 1787 1953 clamo-

510 2016 664 2067 reque
704 1998 839 2048 edito
869 2034 883 2056 ,
911 2013 968 2046 ac
991 1996 1262 2048 tormentis
1289 1995 1616 2064 crepantibus
1640 2034 1655 2055 ,
1683 1996 1787 2046 im-

512 2105 686 2160 petum
720 2091 774 2141 in
800 2089 998 2139 classem
1027 2089 1245 2145 hostiurn
1293 2088 1487 2139 faciunt
1512 2125 1526 2146 ,
1552 2104 1610 2137 ac
1642 2085 1788 2136 nullo

512 2184 848 2234 incommodo
873 2187 1083 2249 accepto
1105 2220 1118 2241 ,
1166 2183 1294 2233 arcis
1320 2181 1550 2233 naualem
1600 2197 1789 2249 magna

513 2277 749 2327 omnium
777 2275 1033 2325 alacritate
1060 2275 1435 2344 ingrediuntur.
1468 2273 1591 2340 Qo
1617 2271 1791 2339 inspe-

517 2382 628 2420 rato
670 2366 882 2417 subsidio
920 2366 1211 2419 Solimanus
1242 2369 1394 2438 longe
1439 2368 1551 2437 plus
1594 2378 1788 2434 perter-

518 2463 644 2515 ritus
675 2497 688 2519 ‚
728 2459 868 2509 nullo
892 2459 1085 2510 seruato
1111 2463 1286 2512 ordine
1309 2499 1322 2519 ,
1350 2461 1526 2511 omnia
1552 2473 1783 2510 tormen-

520 2565 571 2603 ta
600 2588 612 2610 ,
653 2562 1032 2608 commeatum,
1081 2551 1334 2619 castraque
1389 2551 1584 2620 integra
1631 2545 1786 2598 relin-

523 2659 682 2712 quens
702 2679 717 2701 ,
764 2639 810 2693 se
828 2642 1002 2693 eadem
1039 2643 1190 2694 nocte
1220 2680 1235 2701 ,
1262 2643 1314 2693 in
1342 2660 1495 2694 naues
1520 2656 1639 2694 cum
1684 2635 1784 2685 suis

1627 2743 1751 2776 con-
