1965 3256
577 240 696 307 ‘326
979 249 1261 286 ΒΑΜῙΑΝῙ
1290 250 1327 286 Α
1359 247 1507 286 σοῖς

555 354 823 424 prohibere
854 353 1166 404 nitebantur.
1198 354 1297 406 Hae
1323 356 1515 424 aliquot
1542 371 1605 404 ex
1632 353 1835 415 nostris,

554 461 901 500 commeatum
947 449 998 499 in
1025 467 1191 499 arcem
1219 449 1540 519 deportantes
1571 486 1583 507 ,
1615 449 1834 498 interce-

553 554 736 610 perunt
785 540 1097 591 :nonnullas
1134 540 1289 590 etiam
1317 540 1450 608 fugae
1501 539 1548 589 se
1598 540 1837 589 mandare

552 640 845 695 coegerunt.
902 626 1090 677 Verum
1119 628 1237 677 huic
1266 627 1431 677 hostili
1459 627 1587 677 classi
1618 665 1632 685 ‚
1662 627 1835 693 ingru-

554 732 672 768 ente
699 718 804 767 iam
850 731 1002 784 atque
1048 717 1170 767 adeo
1196 717 1573 785 ingrauescente
1602 717 1782 783 hyeme
1811 749 1831 772 ,

551 810 883 861 neceffarium
913 808 1010 857 fuit
1039 822 1212 876 portus
1236 809 1550 860 obfidionem
1578 809 1835 875 relinque-

558 918 614 950 re
644 937 656 955 .
702 912 755 949 vt
793 896 1037 947 siibduEta
1081 899 1130 947 in
1186 911 1371 948 terram
1411 916 1439 947 a
1466 898 1701 965 procellis
1729 908 1837 945 tuta

563 993 704 1042 ess'et.
737 989 978 1056 Superius
1005 986 1404 1038 demonstratum
1431 989 1529 1047 est,
1566 988 1835 1038 Mamudi·

557 1103 648 1134 um
679 1081 946 1131 Cambaiae
974 1079 1191 1148 Regem,
1224 1097 1374 1129 muro
1399 1079 1656 1137 absoluto,
1678 1082 1837 1131 turri-

551 1177 648 1224 bus
675 1171 926 1239 vallisque
953 1168 1242 1219 constrmsto
1260 1206 1273 1227 ,
1301 1169 1468 1235 operis
1494 1168 1685 1220 visendi
1713 1188 1833 1220 cau-

557 1266 608 1317 sa
659 1265 712 1314 in
765 1262 1015 1332 oppidum
1042 1259 1245 1311 venisse.
1290 1259 1374 1310 De
1420 1260 1565 1312 cuius
1616 1262 1837 1314 aduentu

559 1362 748 1412 certior
777 1358 831 1409 fit
853 1355 1214 1424 Mascaregnas
1245 1393 1258 1414 ‚
1284 1372 1373 1425 per
1392 1356 1651 1425 captivum
1677 1375 1838 1425 quen-

552 1456 671 1504 dam
695 1488 709 1510 ‚
750 1465 907 1517 quem
935 1445 1021 1495 sex
1049 1446 1239 1496 milites
1261 1444 1418 1495 ‘nostri
1453 1464 1481 1496 a
1510 1444 1836 1497 Ferdinando

553 1545 817 1603 Caruallo,
843 1541 1085 1612 praestito
1112 1541 1249 1591 illius
1269 1540 1438 1598 turris,
1461 1559 1572 1608 quae
1590 1542 1644 1592 in
1670 1540 1833 1590 fluuio

553 1642 621 1692 est
650 1676 663 1697 ,
696 1638 758 1687 ad
803 1635 999 1685 hostilia
1026 1633 1178 1684 castra
1213 1634 1534 1700 exploratum
1569 1633 1693 1682 miffi
1726 1671 1738 1689 ,
1783 1633 1837 1682 in

552 1728 670 1796 ipsss
713 1727 981 1796 aggeribus
1021 1724 1394 1792 interceperunt
1423 1761 1437 1783 ‚
1472 1741 1625 1791 quare
1653 1725 1716 1772 ob
1747 1724 1837 1772 ad-

555 1833 766 1869 uentum
795 1819 994 1886 regium
1017 1819 1245 1886 ingentia
1270 1816 1407 1885 figna
1425 1815 1618 1866 laetitiae
1643 1853 1656 1873 ,
1685 1816 1837 1864 bom-

557 1914 828 1963 bardarum
855 1916 1050 1963 tonitru
1077 1950 1089 1971 ‚
1123 1914 1462 1978 tubarumque
1490 1909 1686 1960 claffico
1712 1910 1820 1959 edi-

553 2021 604 2056 ta
631 2006 789 2057 fuere.
835 2005 949 2055 Rex
991 2016 1161 2054 autem
1188 2001 1425 2072 vigesima
1457 1999 1636 2069 quinta
1682 1997 1821 2050 Iunii

553 2114 705 2146 mane
728 2133 740 2152 ‚
766 2109 881 2145 ante
911 2094 1026 2145 solis
1048 2108 1218 2144 ortum
1248 2130 1262 2151 ,
1300 2092 1549 2160 oppidum
1585 2088 1827 2157 ingressus

560 2189 647 2238 est.
682 2187 801 2254 Qxa
823 2189 948 2238 hora
982 2201 1082 2238 tres
1114 2185 1248 2237 iustae
1291 2182 1659 2253 magnitudinis
1684 2180 1836 2231 testu-

559 2278 703 2328 dines
745 2282 893 2331 nostri
924 2321 936 2342 ,
966 2281 1110 2349 super
1144 2281 1361 2331 hostium
1387 2278 1577 2328 vallum
1604 2275 1794 2326 effetas
1818 2309 1835 2332 ‚

559 2369 728 2418 dubiis
770 2370 932 2419 oculis
961 2385 1216 2438 vtcunque
1242 2368 1654 2421 animadvertunt
1680 2401 1693 2423 ,
1719 2363 1838 2413 sub-

561 2477 735 2530 terque
776 2482 857 2513 eas
910 2463 1133 2530 ingentis
1163 2463 1342 2513 formae
1386 2461 1645 2511 basiliscos
1694 2471 1793 2508 tres
1819 2492 1835 2515 ,

560 2554 873 2605 munitiones
902 2569 1103 2621 quoque
1123 2589 1136 2610 ,
1174 2571 1232 2602 ac
1253 2553 1449 2602 castella
1494 2565 1700 2619 quoquo
1725 2560 1840 2595 ver-

556 2649 636 2701 sus
661 2650 721 2701 ad
745 2645 1120 2717 confligendum
1151 2681 1167 2705 ,
1204 2662 1338 2696 noua
1375 2645 1572 2696 ratione
1611 2654 1834 2706 compo-

1723 2725 1832 2779 fita.
