1931 3239
439 264 592 303 omsl
614 262 787 301 PONIS
828 261 1190 299 DESCRIPTIO
1349 268 1411 320 15

189 370 385 429 Alfonfi
426 369 761 438 Albuquercii
787 407 801 428 ,
830 368 932 418 viri
979 366 1180 434 patricii
1210 402 1224 426 ‚
1275 366 1449 416 villam

191 466 366 520 fimilis
409 462 588 514 formae
630 463 896 514 hominem
950 462 1221 512 marinum
1273 458 1452 521 exani,-

196 572 341 608 mem
365 553 508 604 aestus
537 553 693 603 maris
741 553 795 603 in
822 552 943 602 litus
970 550 1142 601 eiecit.
1209 549 1456 601 Praeterea

185 650 243 702 in
268 649 492 717 antiquis
517 649 662 718 regni
690 650 912 701 archiuis
942 687 956 708 ‚
986 648 1173 716 quibus
1220 666 1317 716 ego
1350 644 1456 715 ipse

182 741 396 814 praesurn
419 779 433 799 ,
461 754 599 791 extat
638 741 803 792 adhuc
826 740 1218 812 compositionis
1250 740 1449 792 Chiro-

193 834 451 902 graphum
513 832 897 883 vetustiffimum
958 835 1089 884 inter
1137 850 1310 902 regem
1360 829 1459 881 Al-

185 924 394 977 fonsum
463 923 680 974 tertium
739 926 788 976 &
838 924 1105 995 Pelagium
1150 925 1412 975 Petreium
1443 959 1459 982 ,

190 1022 428 1092 equestris
475 1020 670 1076 ordinis
720 1020 852 1074 Diui
904 1021 1084 1078 Iacobi
1126 1020 1458 1089 magistrum,

192 1119 460 1171 transaE‘oee
485 1155 499 1176 ,
527 1136 626 1186 qua
652 1117 913 1170 decretum
941 1119 1039 1168 fuit
1070 1156 1082 1175 ‚
1136 1135 1241 1167 non
1288 1117 1463 1187 Magi-

192 1212 287 1267 stro
311 1211 504 1263 ordinis
525 1250 538 1273 ‚
561 1212 644 1263 sed
681 1212 914 1280 Regibus
943 1212 1111 1261 deberi
1145 1214 1362 1281 veeligal
1386 1213 1464 1282 sy-

198 1320 383 1354 renum
411 1339 424 1360 ,
463 1301 778 1370 aliarumque
807 1301 1088 1351 belluarum
1120 1301 1169 1350 in
1200 1302 1348 1371 ipsius
1380 1321 1479 1366 ors

195 1395 335 1444 dinis
362 1394 599 1446 litoribus
651 1408 938 1464 captarum.
994 1393 1143 1444 Vnde
1184 1395 1332 1447 facile
1357 1396 1467 1447 col-

190 1483 373 1553 ligitur
401 1485 597 1556 syrenes
626 1521 640 1546 ,
664 1502 784 1536 cum
812 1483 872 1533 de
899 1482 1088 1534 eisdem
1119 1486 1202 1535 lex
1231 1487 1328 1538 lata
1353 1488 1466 1541 fue-

195 1577 262 1629 rit
283 1615 298 1637 ,
347 1577 636 1650 frequentes
680 1579 809 1629 olim
856 1578 909 1627 in
951 1577 1131 1629 nostris
1170 1582 1464 1648 aequoribus

194 1670 359 1723 fuiffe.
391 1671 484 1722 Sed
513 1673 618 1723 haec
646 1673 890 1725 haelenus
919 1674 980 1723 de
1000 1671 1331 1732 Tritonibus,
1359 1675 1470 1727 Nee

193 1767 420 1837 reidibus
444 1805 458 1826 ,
488 1767 867 1838 Syrenibusque
893 1770 1029 1824 dreia
1057 1768 1327 1825 sufficiant.

332 1859 646 1914 CETERVM
682 1902 697 1923 ,
743 1880 796 1917 vt
838 1866 900 1915 ad
927 1866 1213 1919 institutum
1240 1881 1463 1918 reuerta-

201 1968 320 2004 mur
347 1990 361 2009 ,
392 1952 515 2002 scire
541 1967 764 2021 oportet,
797 1969 850 2006 vt
876 1957 1029 2025 paulo
1057 1971 1202 2007 antea
1230 1959 1473 2015 diximus,

201 2043 351 2095 nobis
394 2043 453 2093 de
479 2044 704 2096 nominis
730 2047 863 2097 vrbis
891 2044 1179 2115 Olisiponis
1208 2048 1410 2116 origine
1444 2088 1457 2107 ,

202 2134 253 2185 δί
273 2134 439 2194 causa,
461 2137 589 2189 nihil
617 2139 740 2189 certi
759 2138 1001 2195 constare,
1023 2138 1187 2190 immo
1211 2158 1303 2190 nec
1326 2142 1474 2208 quic-

203 2245 358 2295 quam
385 2267 398 2287 ,
439 2248 540 2298 quo
590 2233 652 2281 ad
694 2230 845 2300 ipslus
872 2230 1135 2300 pristinam
1161 2237 1473 2287 memoriam

204 2322 393 2391 ἷρεὲὶεῑ
417 2361 430 2381 ,
481 2343 571 2376 nec
601 2325 724 2376 item
753 2327 812 2377 ad
842 2345 920 2377 res
949 2327 1001 2378 in
1029 2345 1086 2378 ea
1114 2328 1242 2379 olim
1271 2330 1426 2399 gestas
1456 2367 1471 2389 ,

205 2416 338 2465 inter
363 2413 575 2467 Graecos
605 2455 619 2477 ,
651 2416 966 2486 Latinosque
992 2421 1230 2472 authores
1258 2424 1474 2492 reperire

204 2502 414 2571 potuisse
438 2539 450 2560 ,
478 2520 595 2557 cum
622 2506 837 2557 minime
862 2505 1075 2560 dubium
1134 2509 1192 2561 s1t
1234 2510 1288 2559 in
1313 2529 1371 2561 ea
1396 2513 1471 2561 ci-

210 2592 398 2651 uitate,
427 2594 480 2646 in
517 2612 614 2666 qua
640 2598 885 2652 hodierna
912 2599 992 2649 die
1021 2615 1098 2652 tot
1123 2604 1288 2674 elogia
1310 2642 1323 2663 ,
1365 2605 1475 2670 epi-

205 2686 479 2756 taphiaque
530 2688 703 2740 latinis
754 2691 1131 2745 chara&eribus
1156 2733 1170 2756 ,
1222 2693 1475 2765 lapidibus

1345 2806 1436 2839 CX-
