1965 3256
585 234 687 306 308
948 248 1236 289 DAMIANI
1297 250 1335 289 A
1385 248 1526 288 cons

549 374 695 421 tum,
726 377 876 428 quem
918 363 1071 414 hostis
1119 382 1182 415 ex
1208 363 1308 414 illis
1349 363 1477 414 locis
1517 358 1823 412 deueE'mrus

547 457 662 508 efl'et
690 494 703 516 ,
754 456 1076 528 interciperet
1103 495 1115 515 ,
1145 475 1201 507 ae
1230 476 1384 508 naues
1419 475 1478 507 ea
1502 453 1648 505 causa
1693 452 1817 503 illuc

543 551 712 601 miss‘as
776 554 1034 602 retineret.
1081 550 1336 619 Sopharus
1391 566 1545 617 porro
1590 546 1818 616 quinque

545 644 777 694 millibus
821 644 1117 695 Turcarum
1148 682 1160 702 ,
1216 642 1584 712 Abysiinorum
1623 677 1636 699 ‚
1691 639 1818 689 alia-

546 752 765 804 rumque
785 738 1017 806 gentium
1040 738 1217 787 vrbem
1247 733 1530 804 ingreditur
1560 769 1574 791 ,
1597 746 1820 798 eumque

546 831 750 881 circiter
775 832 984 900 triginta
1004 832 1168 881 miilia
1194 832 1525 885 latomorum,
1554 825 1824 882 calonum,

547 921 772 971 lixarum
806 960 819 981 ,
875 938 1275 988 caeterorumque
1295 958 1308 978 ‚
1359 919 1447 987 qui
1495 914 1823 967 castrensibus

547 1011 712 1061 vt'ibus
740 1012 1106 1061 mercenariam
1133 1027 1340 1078 operam
1388 1007 1618 1077 praestant
1648 1044 1661 1064 ‚
1690 1008 1823 1059 inse·

549 1103 853 1169 quebantur.
898 1103 1090 1152 Aderat
1155 1101 1296 1162 enim
1348 1101 1680 1151 Rumecanus
1731 1099 1826 1151 So-

549 1206 693 1279 phari
716 1202 851 1254 fiiius
882 1240 894 1261 ‚
925 1217 1078 1270 quem
1106 1199 1222 1250 Rex
1251 1195 1556 1248 Mamudius
1583 1197 1827 1247 bombar-

550 1305 727 1354 darum
777 1297 1014 1349 omnium
1044 1335 1057 1356 ,
1099 1294 1456 1346 machinarum
1486 1330 1498 1350 ,
1539 1302 1827 1341 tormento-

550 1414 767 1465 rumque
819 1392 1036 1462 negotiis
1075 1391 1387 1461 praefecerat.
1432 1385 1618 1436 Statim
1668 1384 1825 1452 igitur

548 1493 611 1543 ab
654 1485 868 1557 ingressu
925 1485 1012 1535 suo
1062 1484 1279 1534 nuncios
1328 1481 1390 1530 ad
1435 1477 1827 1545 Mascaregnam

551 1584 714 1636 mittit
740 1621 753 1642 ,
792 1596 940 1630 orans
969 1616 982 1637 ‚
1034 1595 1096 1626 ne
1121 1578 1182 1627 de
1221 1574 1386 1625 subito
1423 1570 1529 1620 eius
1558 1569 1779 1618 aduentu
1809 1603 1825 1624 ,

552 1673 811 1744 copiisque
842 1670 1069 1721 miiitum
1102 1706 1114 1727 ,
1154 1666 1347 1734 aiiquid
1377 1661 1549 1713 sinistri
1589 1659 1826 1726 opinare-

551 1783 634 1819 tur
661 1786 672 1816 :
704 1766 850 1814 rebus
894 1762 1031 1812 duris
1053 1799 1065 1819 ‚
1086 1761 1133 1810 &
1162 1757 1302 1829 regni
1336 1755 1561 1805 nouitate
1584 1789 1597 1809 ,
1621 1751 1682 1800 ad
1707 1749 1828 1799 talia

552 1861 760 1915 consilia
803 1851 1128 1921 compulsum
1167 1850 1304 1912 effe3
1345 1867 1474 1918 aegre
1520 1846 1648 1896 ferre
1676 1838 1828 1909 oppi-

555 1960 712 2009 danos
730 1953 1070 2004 mutationem
1112 1945 1400 2015 Principi53
1429 1960 1521 1994 nec
1549 1937 1830 2007 imperium

554 2049 665 2106 sibi,
695 2048 744 2098 in
772 2057 910 2095 tanta
943 2037 1323 2096 maieuolentia,
1354 2035 1454 2087 fine
1475 2033 1630 2085 armis
1657 2041 1829 2080 tutum

555 2145 647 2193 effe
675 2141 805 2209 poffe
833 2159 848 2201 ς
896 2137 1164 2208 ipsumque
1189 2133 1311 2184 adeo
1340 2130 1463 2182 scire
1486 2169 1499 2190 ,
1532 2143 1643 2197 quae
1673 2122 1829 2173 scele-

556 2248 662 2284 rata
692 2233 892 2302 ingenia
918 2231 1199 2281 incolarum
1228 2227 1379 2278 effent
1409 2264 1422 2285 ,
1475 2241 1629 2293 quarn
1670 2231 1829 2290 prona‘

558 2329 620 2378 ad
675 2325 973 2376 seditionem
1005 2347 1016 2375 ι
1048 2323 1208 2375 testari
1254 2322 1410 2392 igitur
1449 2319 1586 2371 illius
1628 2313 1831 2367 consci-

559 2416 751 2467 entiam
783 2451 795 2471 ,
838 2432 1080 2480 orareque
1118 2433 1180 2463 ne
1212 2451 1224 2473 ,
1285 2411 1420 2482 quod
1473 2428 1564 2480 pro
1590 2402 1832 2459 sene-ces-

561 2509 688 2560 sario
733 2507 918 2557 faceret
949 2543 961 2563 ,
991 2521 1166 2555 contra
1192 2505 1418 2554 amicum
1441 2501 1607 2552 fecisse
1655 2496 1830 2549 crede-

562 2615 739 2654 retur:
784 2598 830 2649 se
856 2599 985 2647 inter
1031 2597 1185 2645 bonas
1238 2595 1347 2646 suas
1394 2596 1624 2647 fortunas
1695 2590 1828 2638 hanc

561 2711 656 2761 pro
683 2691 879 2745 summa
903 2702 1198 2757 computare
1226 2725 1242 2747 ,
1290 2687 1427 2756 quod
1467 2701 1574 2737 tam
1615 2681 1828 2732 charum

1732 2788 1821 2822 ca-
