1965 3256
563 268 666 326 310
951 250 1233 290 DAMtANI
1287 248 1325 284 A
1374 246 1519 285 GOES

527 377 722 427 tionem
755 403 767 423 ‚
797 362 877 414 sed
903 360 1057 411 armis
1104 355 1456 410 Emmanuelis
1500 350 1630 402 Sosae
1679 368 1809 422 opus

528 462 848 538 prohibitum
900 454 1077 505 fuiffe:
1116 469 1250 502 nunc
1303 466 1486 516 cupere
1530 446 1579 496 se
1609 483 1622 506 ‚
1669 445 1808 514 quod

528 578 593 611 ex
615 555 806 608 foedere
834 549 1009 599 liceret
1035 583 1046 601 ,
1087 545 1218 593 bona
1239 543 1346 592 eius
1390 539 1549 609 gratia
1576 537 1808 588 absolue-

528 673 580 705 re
623 672 635 701 :
665 648 734 698 sin
762 645 900 693 secus
938 638 1191 689 animatus
1220 634 1332 684 effet
1366 671 1378 691 ,
1408 631 1453 681 se
1503 644 1678 681 contra
1698 629 1807 679 vim

529 761 669 796 arma
697 733 1066 806 oppositurum.
1112 725 1194 775 Ad
1216 725 1321 773 haec
1349 722 1544 791 placere
1582 719 1670 769 suo
1696 718 1804 768 Re-

527 839 578 908 gi
613 875 624 895 ,
670 848 722 883 vt
768 829 987 878 liberum
1030 820 1086 870 sit
1126 820 1202 869 ius
1255 814 1528 884 nauigandi
1560 851 1572 871 ,
1606 827 1711 862 tam
1751 809 1806 859 in

527 933 678 983 rebus
704 915 1034 989 exportandis
1056 949 1068 969 ,
1113 927 1267 978 quam
1295 905 1601 957 aduehendis
1631 942 1644 962 ‚
1666 904 1713 953 &
1751 917 1806 953 vt

525 1026 709 1090 cuique
782 1015 1040 1077 integrum
1080 1001 1136 1051 slt
1184 1016 1375 1048 merces
1419 997 1528 1046 suas
1567 996 1760 1045 deferre
1785 1030 1799 1051 ,

529 1135 629 1188 quo
657 1109 805 1161 vellet
839 1140 852 1161 ,
882 1114 1045 1166 neque
1084 1090 1333 1143 eiusmodi
1361 1086 1687 1138 commeandi
1714 1104 1806 1135 au·

530 1206 821 1262 &toritatem
863 1214 891 1245 a
943 1187 1196 1244 Lusitanis
1240 1183 1508 1254 petendam
1536 1179 1666 1229 effe:
1699 1195 1807 1228 non

523 1307 662 1360 enim
686 1300 878 1365 Regem
901 1284 1299 1361 potentiffimum
1315 1298 1428 1330 eam
1450 1273 1806 1345 indignitatem

524 1393 781 1454 seruitutis
799 1386 1018 1457 amplius
1047 1382 1282 1433 sustinere
1332 1376 1500 1444 poffe:
1537 1373 1661 1423 scire
1690 1371 1801 1423 Lu-

526 1579 692 1649 ipsum
719 1588 890 1624 tamen
917 1566 1087 1636 potius
1121 1581 1208 1631 per
1239 1557 1454 1629 gratiam
1505 1556 1567 1605 ab
1588 1554 1691 1604 illis
1711 1573 1801 1621 pe-

525 1690 630 1727 tere
657 1711 669 1732 ,
700 1669 835 1739 quod
862 1663 1016 1715 armis
1042 1658 1268 1709 obtinere
1298 1651 1471 1720 poffet:
1493 1646 1701 1719 proinde
1728 1657 1794 1692 ne

530 1772 857 1834 grauarentur
888 1749 1127 1804 amicitiae
1156 1745 1270 1794 dare
1301 1781 1313 1801 ‚
1356 1739 1490 1809 quod
1527 1731 1798 1787 necessitati

527 1853 724 1907 sortasse
770 1848 993 1900 dandum
1039 1842 1172 1891 efl'et.
1217 1832 1555 1902 Magnificare
1600 1827 1798 1894 Regem

528 1946 796 1999 Lusitanos
827 1979 840 2001 ‚
877 1958 933 1990 ac
973 1937 1177 2002 dempta
1226 1928 1463 1978 seruitute
1506 1932 1797 1971 amaturum

525 2057 751 2109 quoque,
780 2034 1073 2098 sociumque
1100 2027 1161 2077 ad
1188 2039 1366 2075 omnes
1390 2015 1691 2069 neceffitates
1715 2012 1797 2061 fu-

528 2147 733 2183 turum:
782 2127 973 2195 alioqui
1003 2125 1080 2174 ius
1109 2121 1192 2172 fibi
1235 2115 1389 2167 armis
1416 2121 1646 2178 ereptum
1675 2142 1688 2164 ‚
1714 2121 1796 2154 ar-

530 2227 628 2276 mis
657 2224 976 2294 quaesitnrurn
1006 2219 1117 2269 esse.
1164 2215 1410 2266 Viderent
1461 2206 1613 2275 igitur
1639 2238 1652 2260 ,
1691 2216 1752 2249 ne
1775 2233 1792 2255 ,

530 2321 653 2370 dum
703 2316 874 2381 iniqua
918 2315 1134 2364 retinent
1159 2348 1171 2368 ,
1211 2306 1384 2358 omnia
1411 2302 1690 2353 amittant:
1744 2292 1793 2343 se

522 2411 662 2464 hoste
686 2446 699 2467 5
750 2406 924 2456 omnia
975 2404 1308 2455 circumcirca
1359 2397 1555 2450 hostilia
1581 2391 1748 2442 futura
1775 2403 1791 2434 ε

526 2505 662 2573 ipsos
689 2500 780 2552 effe
803 2498 1101 2548 interclusos
1128 2499 1308 2565 hyeme
1330 2498 1390 2545 ab
1418 2490 1657 2544 omnibus
1680 2482 1794 2534 suo-

524 2617 641 2650 rum
681 2594 904 2647 subsidiis
933 2632 945 2652 ‚
990 2609 1198 2641 manum
1240 2590 1477 2656 exiguam
1520 2583 1612 2634 esse
1655 2579 1791 2628 intus

524 2696 581 2747 in
607 2712 739 2748 arce.
780 2691 910 2744 Haec
925 2690 972 2742 se
997 2686 1299 2740 denunciare
1324 2678 1581 2752 Regis-sui.
1617 2666 1792 2722 nomi-

1644 2778 1709 2814 ne
1734 2793 1754 2817 ,
