1931 3239
332 228 406 264 m:
430 221 627 262 ’.Βειισ
653 221 984 260 cAMBArco
1017 227 1142 265 sec.
1261 225 1359 284 341

110 329 244 382 latus
283 329 594 379 iaciebantur
618 366 631 387 ,
679 328 971 399 plendorem
1002 332 1225 399 aliquem
1272 352 1402 400 prze-

113 425 340 475 buiffent.
376 424 486 474 Iam
510 442 686 474 eorum
718 425 877 475 ferme
920 425 1102 495 viginti
1145 425 1287 493 supra
1311 427 1404 474 do-

110 533 312 566 morum
339 518 473 567 tecla
512 514 910 568 conscenderant
941 557 952 575 ,
984 517 1159 586 ibique
1202 519 1402 567 duobus

100 606 416 658 militaribus
453 608 601 677 signis
637 609 817 660 erefitis
863 610 1156 660 allidebant.
1203 604 1394 658 Caeteri

103 713 223 747 vero
249 698 432 748 domos
470 699 664 770 ingreffi
696 736 709 757 ,
739 700 986 769 quidquid
1013 702 1228 751 obuium
1256 712 1361 749 erat
1383 736 1400 758 ,

104 788 410 857 diripiebant
440 827 454 846 ‚
489 808 709 859 cumque
737 791 1051 842 mulierculis
1075 793 1250 843 animo
1277 807 1402 841 con-

105 879 334 932 sternatis
364 882 381 949 (
409 881 541 950 quasi
589 883 690 932 iarn
721 901 889 933 rerum
940 885 1092 952 potiti
1123 881 1141 950 )
1184 884 1404 936 minaci-

103 987 179 1026 ter
205 975 555 1042 colloquentes
589 1013 601 1034 ‚
638 975 878 1044 pecunias
905 977 1196 1045 exigebant.
1244 977 1395 1045 Qia-

105 1088 223 1122 rum
254 1070 511 1120 nonnullae
540 1069 738 1119 virilem
775 1070 1008 1119 animum
1049 1087 1111 1120 ex
1137 1074 1401 1124 necestita-

106 1177 155 1213 te
200 1162 465 1212 induentes
503 1198 515 1218 ,
567 1157 812 1226 correptis
867 1157 918 1207 in
970 1175 1153 1207 manus
1204 1159 1353 1211 hastis
1382 1203 1398 1224 ‚

105 1254 210 1303 iam
240 1268 344 1302 non
374 1249 691 1300 muliebriter
738 1265 821 1298 eos
848 1262 992 1298 extra
1036 1248 1167 1298 reela
1213 1250 1403 1317 pellere

105 1344 503 1397 contendebant.
549 1341 908 1411 Mascaregnas
952 1354 1122 1392 autem
1174 1342 1399 1393 nonnul-

103 1438 166 1488 lis
211 1437 465 1487 militibus
503 1434 605 1484 iam
633 1434 838 1504 stipatus
870 1472 883 1493 ‚
914 1434 966 1483 in
995 1434 1155 1485 hostes
1186 1435 1399 1506 impres-

99 1525 290 1577 sionem
318 1526 482 1576 facere
503 1562 517 1584 ,
543 1543 825 1594 omnesque
849 1562 862 1583 ,
883 1524 971 1592 qui
995 1525 1126 1575 tefta
1153 1525 1403 1577 conscen-

98 1616 276 1666 derant
307 1654 320 1675 ,
349 1614 496 1665 humi
529 1615 791 1666 detrudere
819 1635 830 1665 ε
873 1613 946 1664 illi
978 1626 1184 1672 contra,
1218 1615 1395 1664 emila

97 1720 295 1762 manu,
339 1704 522 1755 acriter
570 1722 793 1774 pugnare
837 1725 849 1755 ε
897 1705 1101 1755 tandem
1156 1702 1395 1771 plurimis

98 1795 383 1849 interfeffls
413 1835 426 1856 ,
463 1815 564 1848 vno
612 1798 734 1850 viuo
779 1810 930 1865 capto
959 1835 974 1856 ,
1018 1797 1079 1846 de
1129 1795 1393 1846 moenibus

98 1886 202 1936 sese
252 1887 537 1956 praecipites
587 1887 748 1951 dare5
794 1888 875 1938 sed
922 1887 1140 1957 scopulis
1185 1887 1347 1936 acutis
1377 1921 1395 1943 ,

98 1977 467 2050 praeruptisque
498 1979 734 2030 saxorum
760 1980 896 2030 inter
932 1979 1218 2031 cadendum
1242 1996 1394 2028 exce-

97 2076 172 2141 pti
204 2109 217 2131 ,
259 2090 440 2123 omnes
477 2069 656 2122 misere
708 2071 995 2122 dilaceratis
1038 2066 1286 2121 membris
1314 2068 1396 2117 in-

101 2165 306 2216 teriere.

239 2255 378 2306 HAc
426 2273 479 2304 re
517 2264 634 2303 ante
676 2251 776 2302 diei
819 2248 1171 2319 crepusculum
1216 2247 1348 2318 gesta
1375 2285 1392 2307 ,

92 2349 327 2418 protinus
354 2347 402 2398 se
429 2346 785 2416 lVIascaregnas
832 2347 893 2397 ad
921 2345 1156 2396 stationes
1198 2357 1388 2394 contu-

94 2444 156 2494 lit
189 2441 458 2511 ,inibique
487 2459 651 2510 quum
692 2441 792 2491 iam
833 2439 896 2491 ad
943 2438 1134 2489 nostros
1178 2436 1395 2489 vicloria

93 2531 368 2582 inclinaret
390 2567 402 2588 ‚
439 2527 521 2578 sed
547 2548 648 2600 prae
675 2529 956 2580 lassitudine
981 2527 1273 2597 languidius
1294 2526 1390 2575 ali-

93 2634 289 2693 quanto
329 2631 536 2691 agerent
553 2638 772 2683 ,nouos
799 2622 905 2674 illis
933 2620 1138 2691 spiritus
1166 2614 1252 2676 sua
1275 2630 1391 2663 ora-

1240 2719 1343 2755 tio-
