1998 3256
568 252 639 323 '34
964 262 1258 302 DAMIANI
1311 267 1352 302 A
1394 263 1541 304 cons

525 363 645 419 dine
671 367 993 419 circundatus
1021 406 1035 428 ,
1063 390 1092 421 a
1117 390 1218 440 quo
1267 372 1391 423 Divi
1433 371 1646 422 Antonii
1673 408 1687 431 ,
1732 371 1791 423 δε

523 453 789 509 Maurusia
819 459 972 509 valles
997 499 1010 520 ‚
1038 481 1258 530 quorum
1298 461 1443 528 supra
1469 463 1789 516 mentionem

522 545 766 607 fecimus,
784 554 837 603 in
861 559 910 605 Δ
939 553 1120 606 litterae
1148 554 1363 623 figuram
1390 553 1437 603 se
1464 555 1788 622 contingunt,

523 650 582 694 ac
607 639 807 693 diversis
830 646 997 713 postea
1015 646 1213 714 plateiS,
1229 646 1282 695 in
1301 644 1425 695 corii
1449 644 1626 693 bubuli
1651 643 1789 694 fimi-

521 727 793 782 litudinem
821 735 1043 786 detra&a
1069 737 1225 785 cauda
1248 773 1263 794 ,
1293 734 1618 803 explicantur
1636 771 1650 792 ,
1679 752 1792 784 ma-

521 839 575 871 re
622 826 788 877 versus
811 831 1150 881 decurrentes.
1195 829 1279 880 Ad
1303 831 1568 879 dexterum
1597 828 1782 878 deinde

527 915 756 971 eiusdem
807 920 1134 973 Xenodochii
1167 923 1296 976 latus
1322 959 1335 980 ‚
1386 921 1614 971 medium
1659 922 1789 970 inter

524 1012 820 1078 aquilonem
845 1017 895 1066 &
931 1015 1274 1068 Occidentem
1300 1053 1314 1075 ‚
1350 1016 1476 1068 Divi
1514 1014 1788 1068 Dominici

527 1104 782 1172 templum
816 1107 965 1158 situm
991 1108 1058 1159 est
1084 1146 1099 1167 ,
1147 1126 1204 1158 ac
1244 1108 1520 1174 collegium
1545 1108 1788 1157 celleber-

523 1192 716 1245 fimum
747 1233 760 1254 ‚
790 1199 934 1247 cuius
977 1216 1041 1252 ex
1066 1196 1265 1246 adversa
1292 1201 1460 1246 fronte
1492 1212 1677 1264 campo
1705 1196 1785 1246 in-

523 1288 734 1339 terie&o
761 1286 1102 1340 Occidentem
1141 1289 1309 1340 versus
1332 1327 1347 1348 ,
1396 1289 1606 1340 tertium
1652 1302 1789 1341 extat

525 1379 906 1445 monimentum
956 1399 986 1431 a
1037 1381 1177 1432 Divo
1217 1381 1369 1431 Petro
1395 1419 1411 1441 ,
1459 1379 1669 1432 Ioannis
1709 1401 1786 1432 re-

521 1472 599 1540 gis
618 1471 767 1522 huius
787 1472 1014 1523 nominis
1034 1473 1189 1543 primi
1217 1472 1324 1522 filio
1343 1511 1357 1532 ,
1384 1470 1589 1542 sumptu
1618 1472 1788 1543 publi-

524 1579 586 1611 co
613 1563 955 1615 construRum
985 1600 998 1622 ‚
1041 1565 1226 1614 domus
1253 1582 1425 1614 revera
1448 1564 1749 1632 ampliffima
1771 1601 1787 1622 ,

523 1639 846 1726 mirificoque
911 1676 1062 1726 opere
1135 1659 1413 1707 admodum
1483 1656 1776 1724 conspicua.

525 1747 700 1815 Qlarn
728 1767 788 1798 eo
824 1761 1020 1798 tantum
1049 1746 1258 1797 consilio
1310 1746 1438 1796 inibi
1471 1782 1483 1800 .
1525 1747 1649 1796 dum
1689 1764 1784 1795 no-

525 1840 666 1889 mine
693 1838 892 1889 Alfonfi
915 1837 1081 1906 quinti
1106 1875 1120 1895 ,
1149 1836 1222 1886 sui
1253 1829 1316 1885 ex
1344 1837 1497 1886 fratre
1533 1837 1736 1903 nepotis
1767 1874 1784 1894 ‚

525 1932 667 2001 regni
713 1932 941 2000 regimen
963 1930 1218 1988 susti-nuit,
1263 1928 1430 1978 extrui
1470 1928 1740 1995 imperavit
1768 1965 1782 1988 ,

524 2036 578 2072 vt
623 2035 910 2073 exterarum
960 2022 1191 2090 gentium
1215 2057 1229 2078 ,
1250 2035 1530 2088 regumque
1566 2017 1746 2086 legatis
1767 2055 1782 2076 ,

522 2132 585 2164 eo
610 2114 710 2163 loci
738 2114 1020 2182 hospitium
1071 2114 1378 2182 praeberetur
1405 2148 1419 2168 ,
1470 2107 1791 2178 publicisque

520 2203 806 2271 sumptibus
849 2206 1041 2256 ibidem
1089 2204 1363 2255 liberaliter
1412 2201 1788 2273 magnificeque

520 2298 895 2367 exciperentur.
1126 2284 1131 2287 .
1155 2286 1158 2287 ⁷

632 2389 783 2442 lxm
835 2390 867 2439 fi
897 2387 1035 2440 reete
1061 2388 1241 2438 itinere
1285 2390 1348 2438 ad
1389 2388 1510 2456 litus
1548 2385 1621 2436 ire
1661 2404 1782 2454 per·
1817 2448 1820 2450 q

526 2485 713 2536 rexeris
749 2483 940 2534 reliciis
988 2483 1050 2531 ad
1088 2480 1348 2529 dexteram
1399 2480 1451 2528 in
1501 2479 1617 2528 loco
1653 2475 1791 2525 emi-

525 2578 754 2626 nentiore
811 2572 1076 2624 Caenobiis
1121 2564 1519 2620 Carmelitarum
1555 2603 1570 2625 ,
1622 2564 1790 2616 Fran«.

526 2672 840 2725 ciscanorum
863 2710 877 2732 ‚
920 2688 977 2722 ac
1006 2668 1197 2724 ordinis
1236 2665 1515 2718 Trinitatis
1537 2700 1553 2723 ,
1581 2658 1786 2726 magni·-

541 2754 544 2755 ’
1633 2749 1732 2802 fica
