1931 3239
343 221 417 258 DE
451 218 639 255 BELLO
671 217 1000 254 CAMBAlco
1031 221 1155 261 stc,
1270 225 1378 281 339

124 325 208 378 liis
237 323 366 376 sacra
391 336 514 373 erat.
561 321 800 390 Sequenti
832 325 986 393 igitur
1013 325 1094 374 die
1122 362 1133 382 ,
1158 345 1268 392 quae
1298 329 1413 380 fau-

124 415 192 468 sta
240 434 296 466 ac
347 415 472 464 bene
534 414 763 465 ominata
808 416 1112 466 hominibus
1168 416 1413 485 Hispanis

121 522 225 559 erat
247 546 259 567 ,
291 521 493 576 propter
522 504 885 576 Hispaniarum
907 522 1180 576 patronum
1213 510 1285 561 D.
1324 512 1410 563 Ia-

114 602 304 651 cobum
336 599 633 669 Apostolum
666 638 678 658 ,
722 601 916 651 duabus
957 601 1093 652 horis
1120 616 1236 652 ante
1270 603 1407 654 luci-

114 689 207 742 feri
244 707 481 740 exortum
528 688 723 740 moenia
767 688 1073 739 invaduntur
1104 726 1117 746 ‚
1162 689 1408 760 impetus-

118 801 217 852 que
252 792 314 832 ab
365 780 590 832 hostibus
641 782 695 832 in
739 799 907 832 arcem
945 781 999 831 fit
1031 819 1044 840 ‚
1093 795 1408 851 quapropter

114 877 346 946 protinus
375 874 515 945 ligno
564 877 680 925 dato
739 874 801 924 ad
824 891 1004 924 muros
1041 876 1363 926 concurritur
1398 913 1415 935 ,

116 968 190 1020 D.
228 967 476 1018 Iacobum
508 986 592 1036 per
643 966 893 1017 summam
929 966 1241 1018 alacritatem
1277 968 1414 1018 mul-

110 1072 163 1109 ta
198 1057 563 1108 acclamatione
586 1056 917 1106 celebrantes.
955 1055 1137 1124 Ibique
1173 1058 1406 1110 maximo

111 1165 372 1197 armorum
414 1147 615 1216 strepitu
676 1149 725 1199 δε
770 1147 873 1197 acri
925 1165 1094 1216 pugna
1140 1147 1408 1202 dimicatio

112 1235 401 1286 incenditur
432 1274 445 1295 ‚
493 1236 543 1285 in
577 1254 675 1304 qua
714 1236 1008 1288 Ludouicus
1061 1236 1178 1287 Sosa
1205 1239 1406 1293 iuuenis

112 1330 359 1390 strenuus,
388 1331 657 1382 Thornaeae
686 1334 837 1383 turris
867 1331 1141 1384 Praefectus
1165 1373 1176 1392 ,
1210 1334 1406 1404 aliquot

109 1426 171 1475 de
199 1424 301 1475 suis
330 1426 582 1477 militibus
610 1427 827 1496 impigre
867 1442 1151 1496 pugnantes
1194 1430 1359 1481 amifit
1387 1453 1401 1482 z

109 1535 230 1566 nam
258 1516 405 1567 illum
447 1517 618 1568 locum
648 1519 889 1568 omnibus
917 1519 1201 1569 rationibus
1227 1538 1394 1589 expu-

105 1627 261 1678 gnare
323 1610 648 1662 decreuerant
690 1611 980 1662 aduersarii.
1042 1611 1137 1662 Sed
1194 1612 1394 1663 iuuenis

108 1715 218 1752 tum
250 1703 503 1754 maiorum
534 1703 737 1755 suorum
766 1705 1022 1772 exemplis
1054 1743 1066 1762 ,
1110 1720 1216 1756 tum
1247 1723 1402 1775 gene-

105 1794 216 1844 rosa
244 1793 434 1846 suamet
461 1797 630 1846 indole
658 1798 875 1855 erectus,
904 1796 1078 1846 locum
1101 1796 1231 1847 inter
1259 1798 1398 1847 sum-

105 1899 193 1933 ma
239 1885 463 1951 pericula
513 1888 768 1957 caedesque
819 1892 1134 1959 promiscuas
1165 1932 1179 1949 ,
1219 1912 1402 1963 magna

103 1977 266 2027 animi
296 1977 542 2046 presentia
570 2018 584 2039 ,
629 1983 744 2034 vitae
773 1983 1129 2053 sanguinisque
1157 1996 1395 2038 contem-

101 2085 194 2140 ptu
235 2072 483 2123 defendit.

270 2162 544 2215 INTEREA
586 2165 685 2216 loci
718 2205 731 2226 ‚
759 2187 920 2236 quum
960 2167 1349 2240 Mascaregnam
1378 2211 1395 2232 ,

100 2267 156 2306 vt
183 2257 424 2307 omnibus
475 2257 602 2307 locis
653 2258 961 2311 succurreret
984 2300 998 2321 ,
1026 2262 1095 2312 rei
1127 2263 1385 2314 neceffitas

101 2347 202 2400 huc
254 2351 375 2401 illuc
428 2351 644 2403 versaret
674 2391 686 2412 ‚
724 2354 904 2424 vigiles
956 2355 1043 2424 qui
1081 2357 1142 2406 ad
1191 2357 1391 2407 mariti-

99 2458 248 2491 mum
276 2443 405 2492 arcis
431 2442 562 2494 latus
589 2449 909 2498 excubabant
937 2486 949 2506 ,
991 2467 1150 2517 quum
1179 2448 1296 2498 loco
1322 2449 1390 2498 ob

100 2532 427 2600 scopulorum
450 2535 769 2603 asperitatem
791 2541 962 2590 minus
991 2542 1230 2592 timerent
1255 2577 1266 2597 ,
1309 2559 1389 2590 re-

94 2617 227 2674 heca
262 2625 522 2698 custodia(
547 2641 598 2680 vt
628 2629 1014 2685 dimicantibus
1057 2629 1340 2684 intereffent
1367 2624 1387 2691 J

1290 2714 1356 2766 ad
