1931 3239
324 273 704 316 oswoNENsrs
738 271 1106 310 DESCRIPTIO
1327 268 1407 329 μ’

181 382 289 436 silio
319 417 335 440 ‚
365 378 669 448 sumptuque
689 377 981 429 incredibili
1030 374 1437 445 magnificentis-

178 475 298 526 fime
343 474 591 525 extruitis
622 511 635 531 ‚
687 473 785 524 hoc
832 487 1064 540 tempore
1132 468 1430 521 illustratur.

174 565 382 618 Horum
407 565 633 635 primum
652 603 667 625 ,
711 576 764 617 vt
790 583 819 616 a
838 563 1084 634 religione
1125 562 1338 613 initium
1367 560 1448 611 fa-

173 660 368 716 ciamus
395 698 409 720 ,
455 660 830 713 Misericordiae
871 660 1124 730 templum
1165 659 1232 710 est
1263 698 1276 719 ,
1322 680 1454 730 qua-

173 750 317 801 drato
351 753 575 821 Vndique
600 754 770 824 lapide
810 753 1104 804 extruetum
1156 771 1264 804 non
1296 752 1473 805 infini-

173 853 229 893 to
251 844 561 911 praediorum
593 844 744 896 censu
773 884 787 906 ,
827 863 886 896 ac
916 846 1261 914 prouentibus
1284 845 1472 896 annuis

173 937 444 990 vberrimis
466 976 481 998 ,
524 940 963 1008 quemadmodum
1009 941 1266 1010 pleraeque
1293 960 1477 993 omnes

185 1032 366 1084 nostrae
382 1034 545 1084 aetatis
588 1034 804 1085 bafilicae
828 1073 842 1094 ,
891 1032 973 1083 sed
1010 1033 1114 1084 sola
1135 1034 1476 1103 optimatum,

186 1143 245 1176 ac
266 1127 473 1194 piorum
500 1128 788 1179 hominum
835 1128 1163 1197 benignitate
1192 1130 1261 1179 ita
1290 1128 1478 1178 susten-

184 1228 349 1268 tatum
378 1255 392 1277 ‚
423 1230 478 1268 vt
505 1237 667 1288 prope
695 1220 852 1269 fidem
881 1218 1084 1286 superet
1109 1256 1122 1276 ,
1148 1233 1397 1287 quantum
1421 1219 1476 1268 in

186 1324 346 1358 annos
393 1307 613 1376 singulos
638 1326 702 1359 ex
749 1308 1000 1359 collatitia
1059 1308 1182 1376 stipe
1246 1309 1301 1359 in
1347 1329 1476 1378 pau-

187 1418 330 1470 peres
360 1400 642 1468 impendat.
686 1386 876 1451 Huius
912 1400 1000 1468 qui
1041 1418 1216 1452 curam
1247 1416 1431 1469 gerunt
1453 1440 1468 1461 ,

190 1493 386 1545 sodales
405 1532 419 1553 ,
443 1494 610 1545 fiuevt
639 1495 912 1565 expressius
939 1495 1131 1554 dicam,
1158 1494 1337 1545 fratres
1361 1493 1477 1545 lvii-

186 1584 476 1636 rsericordiae
500 1599 904 1653 nuncupantur,
949 1586 1134 1653 quibus
1180 1598 1389 1655 propter
1431 1585 1481 1634 &

189 1674 388 1745 generis
413 1713 426 1734 ‚
463 1676 512 1725 δε
534 1674 763 1725 nominis
786 1676 1072 1728 claritatem
1103 1712 1119 1732 ,
1152 1676 1200 1726 δε
1224 1674 1480 1726 summam

191 1771 344 1834 etiam
368 1769 597 1838 pietatiS,
618 1772 990 1842 probitatisque
1017 1769 1477 1831 existimationem,

193 1864 459 1930 negotium
478 1861 995 1931 defertur.Siquidern
1022 1863 1097 1912 illi
1118 1879 1300 1912 omnes
1323 1878 1475 1909 corn-

196 1953 345 2001 muni
375 1951 583 2001 consilio
609 1989 622 2010 ,
640 1953 850 2021 parique
875 1954 1170 2002 animorum
1198 1950 1482 2008 voluntate,

198 2043 327 2094 illud
375 2039 748 2092 Misericordiae
789 2043 1024 2093 aerarium
1074 2039 1425 2091 administrant
1463 2060 1475 2088 :

198 2135 338 2204 quod
394 2152 460 2185 ex
513 2133 737 2185 fortuitis
785 2135 1150 2187 tantummodo
1202 2134 1484 2186 hominum

200 2230 404 2300 piorum
423 2229 777 2298 largitionibus
793 2269 806 2289 ,
827 2228 1244 2298 eleemosinisque
1283 2228 1478 2279 confla-

202 2322 344 2375 &um
371 2323 459 2378 est.
502 2323 583 2375 Ex
626 2343 727 2395 qua
752 2326 952 2377 summa
978 2321 1197 2374 sodalitii
1238 2321 1335 2372 fide
1368 2360 1381 2379 ,
1432 2325 1483 2374 ἅτ

204 2421 490 2490 integritate
514 2458 531 2481 ,
557 2422 697 2472 nullo
737 2423 914 2472 habito
956 2417 1286 2490 personarum
1332 2413 1476 2464 dele-

212 2514 302 2565 ἂι]
333 2551 348 2573 ,
367 2515 627 2582 egentium
677 2515 914 2565 omnium
955 2512 1145 2583 inopiae
1172 2506 1450 2561 consulitur
1472 2540 1486 2561 ‚

201 2623 261 2658 ac
285 2606 580 2675 prouidetur
598 2643 611 2666 ,
639 2605 919 2676 praesertim
952 2604 1237 2675 puellarum
1261 2596 1485 2667 pupilla·

201 2711 318 2755 ssum,
339 2731 357 2754 ,
395 2695 579 2765 quibus
623 2694 784 2755 iudet,
813 2695 957 2747 iuxta
999 2691 1242 2761 cuiusque
1271 2686 1490 2753 qualit&-

1204 2824 1208 2827 4
1283 2787 1390 2824 tem
1417 2808 1431 2831 ,
