<?xml version="1.0" encoding="UTF-8"?>
<!DOCTYPE html PUBLIC "-//W3C//DTD XHTML 1.0 Transitional//EN"
    "http://www.w3.org/TR/xhtml1/DTD/xhtml1-transitional.dtd">
<html xmlns="http://www.w3.org/1999/xhtml" xml:lang="en" lang="en">
 <head>
  <title>
</title>
<meta http-equiv="Content-Type" content="text/html;charset=utf-8" />
  <meta name='ocr-system' content='tesseract 3.04.00' />
  <meta name='ocr-capabilities' content='ocr_page ocr_carea ocr_par ocr_line ocrx_word'/>
</head>
<body>
  <div class='ocr_page' id='page_1' title='image "./damianigoesopusc00gi_0224.png"; bbox 0 0 1965 3256; ppageno 0'>
   <div class='ocr_carea' id='block_1_1' title="bbox 527 216 1517 270">
    <p class='ocr_par' dir='ltr' id='par_1_1' title="bbox 527 216 1517 270">
     <span class='ocr_line' id='line_1_1' title="bbox 527 216 1517 270; baseline 0.021 -21"><span class='ocrx_word' id='word_1_1' title='bbox 527 216 630 270; x_wconf 81' lang='lat'>190</span> <span class='ocrx_word' id='word_1_2' title='bbox 951 222 1237 265; x_wconf 77' lang='lat' dir='ltr'>DAMIANI</span> <span class='ocrx_word' id='word_1_3' title='bbox 1288 225 1329 265; x_wconf 78' lang='grc' dir='ltr'><strong>Α</strong></span> <span class='ocrx_word' id='word_1_4' title='bbox 1369 231 1517 270; x_wconf 64' lang='lat' dir='ltr'>cons</span> 
     </span>
    </p>
   </div>
   <div class='ocr_carea' id='block_1_2' title="bbox 484 324 1760 682">
    <p class='ocr_par' dir='ltr' id='par_1_2' title="bbox 484 324 1760 682">
     <span class='ocr_line' id='line_1_2' title="bbox 488 324 1754 407; baseline 0.021 -38"><span class='ocrx_word' id='word_1_5' title='bbox 488 328 616 380; x_wconf 65' lang='lat' dir='ltr'>„tae</span> <span class='ocrx_word' id='word_1_6' title='bbox 656 340 800 376; x_wconf 85' lang='lat' dir='ltr'>meae.</span> <span class='ocrx_word' id='word_1_7' title='bbox 846 324 1042 382; x_wconf 90' lang='lat' dir='ltr'>Verum</span> <span class='ocrx_word' id='word_1_8' title='bbox 1089 332 1233 386; x_wconf 88' lang='lat' dir='ltr'>Deus</span> <span class='ocrx_word' id='word_1_9' title='bbox 1275 350 1471 390; x_wconf 89' lang='lat' dir='ltr'>certum</span> <span class='ocrx_word' id='word_1_10' title='bbox 1524 339 1754 407; x_wconf 76' lang='lat' dir='ltr'>sciebat,</span> 
     </span>
     <span class='ocr_line' id='line_1_3' title="bbox 491 414 1760 498; baseline 0.024 -39"><span class='ocrx_word' id='word_1_11' title='bbox 491 447 528 469; x_wconf 89' lang='lat'><em>„</em></span> <span class='ocrx_word' id='word_1_12' title='bbox 557 430 609 462; x_wconf 86' lang='lat' dir='ltr'>vt</span> <span class='ocrx_word' id='word_1_13' title='bbox 635 414 864 468; x_wconf 82' lang='lat' dir='ltr'>laudetur</span> <span class='ocrx_word' id='word_1_14' title='bbox 907 439 1098 474; x_wconf 90' lang='lat' dir='ltr'>nomen</span> <span class='ocrx_word' id='word_1_15' title='bbox 1120 427 1228 478; x_wconf 85' lang='lat' dir='ltr'>eius</span> <span class='ocrx_word' id='word_1_16' title='bbox 1260 467 1273 488; x_wconf 91' lang='lat'>,</span> <span class='ocrx_word' id='word_1_17' title='bbox 1313 431 1401 498; x_wconf 91' lang='lat' dir='ltr'>qui</span> <span class='ocrx_word' id='word_1_18' title='bbox 1425 435 1669 487; x_wconf 85' lang='lat' dir='ltr'>nuncium</span> <span class='ocrx_word' id='word_1_19' title='bbox 1698 437 1760 491; x_wconf 74' lang='lat' dir='ltr'>ad</span> 
     </span>
     <span class='ocr_line' id='line_1_4' title="bbox 484 508 1758 601; baseline 0.025 -48"><span class='ocrx_word' id='word_1_20' title='bbox 484 543 522 565; x_wconf 86' lang='lat'><strong>„</strong></span> <span class='ocrx_word' id='word_1_21' title='bbox 552 523 634 556; x_wconf 86' lang='lat' dir='ltr'>me</span> <span class='ocrx_word' id='word_1_22' title='bbox 660 508 841 561; x_wconf 89' lang='lat' dir='ltr'>detulit</span> <span class='ocrx_word' id='word_1_23' title='bbox 864 550 879 571; x_wconf 89' lang='lat'><em>,</em></span> <span class='ocrx_word' id='word_1_24' title='bbox 917 528 969 563; x_wconf 86' lang='lat' dir='ltr'>vt</span> <span class='ocrx_word' id='word_1_25' title='bbox 990 534 1094 585; x_wconf 81' lang='lat' dir='ltr'>ego.</span> <span class='ocrx_word' id='word_1_26' title='bbox 1110 522 1298 589; x_wconf 83' lang='lat' dir='ltr'>pariter</span> <span class='ocrx_word' id='word_1_27' title='bbox 1336 526 1386 578; x_wconf 92' lang='lat' dir='ltr'>id</span> <span class='ocrx_word' id='word_1_28' title='bbox 1413 531 1614 581; x_wconf 88' lang='lat' dir='ltr'>mittere</span> <span class='ocrx_word' id='word_1_29' title='bbox 1641 534 1758 601; x_wconf 80' lang='lat' dir='ltr'>pos-</span> 
     </span>
     <span class='ocr_line' id='line_1_5' title="bbox 486 596 1757 682; baseline 0.026 -38"><span class='ocrx_word' id='word_1_30' title='bbox 486 634 523 657; x_wconf 82' lang='lat'>‚‚</span> <span class='ocrx_word' id='word_1_31' title='bbox 551 596 656 648; x_wconf 89' lang='lat' dir='ltr'>sem</span> <span class='ocrx_word' id='word_1_32' title='bbox 696 601 757 650; x_wconf 83' lang='lat' dir='ltr'>ad</span> <span class='ocrx_word' id='word_1_33' title='bbox 777 615 824 652; x_wconf 88' lang='lat' dir='ltr'>te</span> <span class='ocrx_word' id='word_1_34' title='bbox 861 618 1059 672; x_wconf 80' lang='lat' dir='ltr'>patrem</span> <span class='ocrx_word' id='word_1_35' title='bbox 1094 629 1267 664; x_wconf 86' lang='lat' dir='ltr'>meum</span> <span class='ocrx_word' id='word_1_36' title='bbox 1314 618 1367 669; x_wconf 89' lang='lat' dir='ltr'>in</span> <span class='ocrx_word' id='word_1_37' title='bbox 1412 619 1616 673; x_wconf 86' lang='lat' dir='ltr'>Christo</span> <span class='ocrx_word' id='word_1_38' title='bbox 1643 661 1656 682; x_wconf 90' lang='lat'>‚</span> <span class='ocrx_word' id='word_1_39' title='bbox 1707 625 1757 674; x_wconf 83' lang='lat'>&amp;</span> 
     </span>
    </p>
   </div>
   <div class='ocr_carea' id='block_1_3' title="bbox 443 884 1754 2698">
    <p class='ocr_par' dir='ltr' id='par_1_3' title="bbox 443 884 1754 2698">
     <span class='ocr_line' id='line_1_6' title="bbox 492 884 1754 948; baseline 0.022 -27"><span class='ocrx_word' id='word_1_40' title='bbox 492 908 529 930; x_wconf 85' lang='lat'>,‚</span> <span class='ocrx_word' id='word_1_41' title='bbox 558 885 647 923; x_wconf 84' lang='lat' dir='ltr'>aut</span> <span class='ocrx_word' id='word_1_42' title='bbox 667 888 858 927; x_wconf 77' lang='lat' dir='ltr'>certam</span> <span class='ocrx_word' id='word_1_43' title='bbox 902 884 1139 936; x_wconf 75' lang='lat' dir='ltr'>notitiam</span> <span class='ocrx_word' id='word_1_44' title='bbox 1175 887 1461 945; x_wconf 86' lang='lat' dir='ltr'><strong>habuerim.</strong></span> <span class='ocrx_word' id='word_1_45' title='bbox 1487 894 1754 948; x_wconf 61' lang='lat' dir='ltr'>HaRenus</span> 
     </span>
     <span class='ocr_line' id='line_1_7' title="bbox 475 964 1752 1042; baseline 0.025 -32"><span class='ocrx_word' id='word_1_46' title='bbox 475 999 515 1021; x_wconf 84' lang='lat'><em>„</em></span> <span class='ocrx_word' id='word_1_47' title='bbox 544 964 739 1017; x_wconf 86' lang='lat' dir='ltr'>circum</span> <span class='ocrx_word' id='word_1_48' title='bbox 779 988 863 1018; x_wconf 88' lang='lat' dir='ltr'>me</span> <span class='ocrx_word' id='word_1_49' title='bbox 907 972 1082 1026; x_wconf 83' lang='lat' dir='ltr'>Mauri</span> <span class='ocrx_word' id='word_1_50' title='bbox 1134 994 1276 1030; x_wconf 78' lang='lat' dir='ltr'>erant</span> <span class='ocrx_word' id='word_1_51' title='bbox 1307 1018 1320 1040; x_wconf 90' lang='lat'><strong><em>,</em></strong></span> <span class='ocrx_word' id='word_1_52' title='bbox 1348 982 1441 1033; x_wconf 85' lang='lat' dir='ltr'>filii</span> <span class='ocrx_word' id='word_1_53' title='bbox 1470 984 1752 1042; x_wconf 83' lang='lat' dir='ltr'>Mahome-</span> 
     </span>
     <span class='ocr_line' id='line_1_8' title="bbox 473 1056 1749 1143; baseline 0.024 -41"><span class='ocrx_word' id='word_1_54' title='bbox 473 1091 511 1112; x_wconf 89' lang='lat'><em>„</em></span> <span class='ocrx_word' id='word_1_55' title='bbox 540 1056 605 1105; x_wconf 86' lang='lat' dir='ltr'>tis</span> <span class='ocrx_word' id='word_1_56' title='bbox 630 1094 643 1114; x_wconf 89' lang='lat'><em>,</em></span> <span class='ocrx_word' id='word_1_57' title='bbox 690 1058 738 1107; x_wconf 82' lang='lat'>&amp;</span> <span class='ocrx_word' id='word_1_58' title='bbox 766 1059 1003 1114; x_wconf 83' lang='lat' dir='ltr'>Gentiles</span> <span class='ocrx_word' id='word_1_59' title='bbox 1035 1103 1048 1124; x_wconf 86' lang='lat'><em>,</em></span> <span class='ocrx_word' id='word_1_60' title='bbox 1095 1067 1145 1116; x_wconf 83' lang='lat'>&amp;</span> <span class='ocrx_word' id='word_1_61' title='bbox 1188 1070 1371 1138; x_wconf 87' lang='lat' dir='ltr'>reliqui</span> <span class='ocrx_word' id='word_1_62' title='bbox 1420 1071 1535 1125; x_wconf 87' lang='lat' dir='ltr'>sunt</span> <span class='ocrx_word' id='word_1_63' title='bbox 1580 1079 1749 1143; x_wconf 88' lang='lat' dir='ltr'>serui,</span> 
     </span>
     <span class='ocr_line' id='line_1_9' title="bbox 474 1145 1750 1236; baseline 0.025 -46"><span class='ocrx_word' id='word_1_64' title='bbox 474 1182 509 1203; x_wconf 87' lang='lat'>‚,</span> <span class='ocrx_word' id='word_1_65' title='bbox 539 1145 626 1212; x_wconf 88' lang='lat' dir='ltr'>qui</span> <span class='ocrx_word' id='word_1_66' title='bbox 657 1145 832 1199; x_wconf 86' lang='lat' dir='ltr'>Deum</span> <span class='ocrx_word' id='word_1_67' title='bbox 856 1169 958 1203; x_wconf 88' lang='lat' dir='ltr'>non</span> <span class='ocrx_word' id='word_1_68' title='bbox 986 1157 1267 1224; x_wconf 82' lang='lat' dir='ltr'>agnoscunt</span> <span class='ocrx_word' id='word_1_69' title='bbox 1298 1196 1312 1219; x_wconf 92' lang='lat'><em>,</em></span> <span class='ocrx_word' id='word_1_70' title='bbox 1356 1160 1406 1211; x_wconf 74' lang='grc' dir='ltr'>δε</span> <span class='ocrx_word' id='word_1_71' title='bbox 1447 1164 1534 1215; x_wconf 90' lang='lat' dir='ltr'>alii</span> <span class='ocrx_word' id='word_1_72' title='bbox 1570 1171 1656 1236; x_wconf 90' lang='lat' dir='ltr'>qui</span> <span class='ocrx_word' id='word_1_73' title='bbox 1683 1172 1750 1222; x_wconf 90' lang='lat' dir='ltr'>li-</span> 
     </span>
     <span class='ocr_line' id='line_1_10' title="bbox 475 1239 1744 1328; baseline 0.021 -44"><span class='ocrx_word' id='word_1_74' title='bbox 475 1272 512 1292; x_wconf 84' lang='lat'><em>„</em></span> <span class='ocrx_word' id='word_1_75' title='bbox 543 1254 641 1305; x_wconf 79' lang='lat' dir='ltr'>gna</span> <span class='ocrx_word' id='word_1_76' title='bbox 685 1239 734 1289; x_wconf 85' lang='lat'>&amp;</span> <span class='ocrx_word' id='word_1_77' title='bbox 761 1241 933 1311; x_wconf 79' lang='lat' dir='ltr'>ignem</span> <span class='ocrx_word' id='word_1_78' title='bbox 959 1264 1264 1301; x_wconf 79' lang='lat' dir='ltr'>venerantur</span> <span class='ocrx_word' id='word_1_79' title='bbox 1286 1289 1300 1311; x_wconf 85' lang='lat'>‚</span> <span class='ocrx_word' id='word_1_80' title='bbox 1333 1253 1384 1303; x_wconf 88' lang='lat'>&amp;</span> <span class='ocrx_word' id='word_1_81' title='bbox 1426 1255 1514 1307; x_wconf 82' lang='lat' dir='ltr'>alii</span> <span class='ocrx_word' id='word_1_82' title='bbox 1553 1259 1640 1328; x_wconf 86' lang='lat' dir='ltr'>qui</span> <span class='ocrx_word' id='word_1_83' title='bbox 1660 1255 1744 1310; x_wconf 90' lang='lat' dir='ltr'>so-</span> 
     </span>
     <span class='ocr_line' id='line_1_11' title="bbox 470 1328 1746 1422; baseline 0.027 -48"><span class='ocrx_word' id='word_1_84' title='bbox 470 1364 508 1386; x_wconf 85' lang='lat'><em>„</em></span> <span class='ocrx_word' id='word_1_85' title='bbox 536 1328 639 1378; x_wconf 89' lang='lat' dir='ltr'>lem</span> <span class='ocrx_word' id='word_1_86' title='bbox 689 1332 936 1395; x_wconf 78' lang='lat' dir='ltr'>adorant,</span> <span class='ocrx_word' id='word_1_87' title='bbox 977 1339 1027 1389; x_wconf 62' lang='grc' dir='ltr'><em>ἃ</em></span> <span class='ocrx_word' id='word_1_88' title='bbox 1049 1340 1136 1392; x_wconf 86' lang='lat' dir='ltr'>alii</span> <span class='ocrx_word' id='word_1_89' title='bbox 1188 1348 1276 1416; x_wconf 91' lang='lat' dir='ltr'>qui</span> <span class='ocrx_word' id='word_1_90' title='bbox 1304 1349 1555 1422; x_wconf 80' lang='lat' dir='ltr'>serpentes</span> <span class='ocrx_word' id='word_1_91' title='bbox 1598 1352 1746 1404; x_wconf 78' lang='lat' dir='ltr'>Deos</span> 
     </span>
     <span class='ocr_line' id='line_1_12' title="bbox 470 1420 1750 1517; baseline 0.028 -51"><span class='ocrx_word' id='word_1_92' title='bbox 470 1450 507 1475; x_wconf 85' lang='lat'>,‚</span> <span class='ocrx_word' id='word_1_93' title='bbox 536 1420 627 1470; x_wconf 81' lang='lat' dir='ltr'>effe</span> <span class='ocrx_word' id='word_1_94' title='bbox 665 1439 865 1491; x_wconf 83' lang='lat' dir='ltr'>putant.</span> <span class='ocrx_word' id='word_1_95' title='bbox 901 1428 1041 1483; x_wconf 87' lang='lat' dir='ltr'>Cum</span> <span class='ocrx_word' id='word_1_96' title='bbox 1067 1436 1144 1488; x_wconf 87' lang='lat' dir='ltr'>his</span> <span class='ocrx_word' id='word_1_97' title='bbox 1167 1459 1429 1512; x_wconf 88' lang='lat' dir='ltr'>nunquam</span> <span class='ocrx_word' id='word_1_98' title='bbox 1457 1466 1633 1517; x_wconf 85' lang='lat' dir='ltr'>pacem</span> <span class='ocrx_word' id='word_1_99' title='bbox 1659 1447 1750 1499; x_wconf 83' lang='lat' dir='ltr'>ha-</span> 
     </span>
     <span class='ocr_line' id='line_1_13' title="bbox 464 1515 1744 1593; baseline 0.027 -33"><span class='ocrx_word' id='word_1_100' title='bbox 464 1548 502 1570; x_wconf 88' lang='lat'><em>„</em></span> <span class='ocrx_word' id='word_1_101' title='bbox 533 1515 646 1576; x_wconf 88' lang='lat' dir='ltr'>bui,</span> <span class='ocrx_word' id='word_1_102' title='bbox 679 1522 921 1586; x_wconf 87' lang='lat' dir='ltr'>quoniam</span> <span class='ocrx_word' id='word_1_103' title='bbox 973 1529 1034 1578; x_wconf 84' lang='lat' dir='ltr'>ad</span> <span class='ocrx_word' id='word_1_104' title='bbox 1072 1534 1338 1588; x_wconf 85' lang='lat' dir='ltr'>veritatem</span> <span class='ocrx_word' id='word_1_105' title='bbox 1381 1541 1554 1592; x_wconf 87' lang='lat' dir='ltr'>venire</span> <span class='ocrx_word' id='word_1_106' title='bbox 1599 1560 1744 1593; x_wconf 88' lang='lat' dir='ltr'>recu-</span> 
     </span>
     <span class='ocr_line' id='line_1_14' title="bbox 467 1602 1741 1693; baseline 0.024 -42"><span class='ocrx_word' id='word_1_107' title='bbox 467 1640 504 1662; x_wconf 89' lang='lat'>„</span> <span class='ocrx_word' id='word_1_108' title='bbox 540 1602 648 1655; x_wconf 81' lang='lat' dir='ltr'>sant</span> <span class='ocrx_word' id='word_1_109' title='bbox 677 1645 689 1665; x_wconf 87' lang='lat'><strong>,</strong></span> <span class='ocrx_word' id='word_1_110' title='bbox 737 1611 786 1660; x_wconf 85' lang='lat'>&amp;</span> <span class='ocrx_word' id='word_1_111' title='bbox 814 1611 990 1666; x_wconf 87' lang='lat' dir='ltr'>frustra</span> <span class='ocrx_word' id='word_1_112' title='bbox 1039 1618 1118 1670; x_wconf 86' lang='lat' dir='ltr'>his</span> <span class='ocrx_word' id='word_1_113' title='bbox 1150 1625 1491 1690; x_wconf 85' lang='lat' dir='ltr'>praedicabam</span> <span class='ocrx_word' id='word_1_114' title='bbox 1540 1628 1693 1680; x_wconf 81' lang='lat' dir='ltr'>fidem</span> <span class='ocrx_word' id='word_1_115' title='bbox 1725 1651 1741 1693; x_wconf 76' lang='lat'>3</span> 
     </span>
     <span class='ocr_line' id='line_1_15' title="bbox 466 1709 1738 1786; baseline 0.025 -46"><span class='ocrx_word' id='word_1_116' title='bbox 466 1726 503 1747; x_wconf 89' lang='lat'><strong>„</strong></span> <span class='ocrx_word' id='word_1_117' title='bbox 535 1711 671 1745; x_wconf 88' lang='lat' dir='ltr'>nunc</span> <span class='ocrx_word' id='word_1_118' title='bbox 699 1717 816 1750; x_wconf 74' lang='lat' dir='ltr'>vero</span> <span class='ocrx_word' id='word_1_119' title='bbox 865 1709 1171 1775; x_wconf 88' lang='lat' dir='ltr'>conquiesco</span> <span class='ocrx_word' id='word_1_120' title='bbox 1203 1751 1215 1771; x_wconf 89' lang='lat'>‚</span> <span class='ocrx_word' id='word_1_121' title='bbox 1243 1715 1293 1765; x_wconf 74' lang='grc' dir='ltr'>δε</span> <span class='ocrx_word' id='word_1_122' title='bbox 1339 1716 1484 1767; x_wconf 87' lang='lat' dir='ltr'>Deus</span> <span class='ocrx_word' id='word_1_123' title='bbox 1512 1719 1738 1786; x_wconf 84' lang='lat' dir='ltr'>quietem</span> 
     </span>
     <span class='ocr_line' id='line_1_16' title="bbox 458 1783 1737 1861; baseline 0.024 -29"><span class='ocrx_word' id='word_1_124' title='bbox 458 1819 496 1841; x_wconf 89' lang='lat'>‚‚</span> <span class='ocrx_word' id='word_1_125' title='bbox 524 1783 660 1838; x_wconf 83' lang='lat' dir='ltr'>dono</span> <span class='ocrx_word' id='word_1_126' title='bbox 687 1793 816 1842; x_wconf 75' lang='lat' dir='ltr'>mihi</span> <span class='ocrx_word' id='word_1_127' title='bbox 859 1796 994 1849; x_wconf 88' lang='lat' dir='ltr'>dedit</span> <span class='ocrx_word' id='word_1_128' title='bbox 1027 1819 1146 1852; x_wconf 87' lang='lat' dir='ltr'>cum</span> <span class='ocrx_word' id='word_1_129' title='bbox 1176 1805 1399 1859; x_wconf 82' lang='lat' dir='ltr'>hostibus</span> <span class='ocrx_word' id='word_1_130' title='bbox 1426 1810 1554 1859; x_wconf 85' lang='lat' dir='ltr'>meis</span> <span class='ocrx_word' id='word_1_131' title='bbox 1580 1811 1630 1861; x_wconf 85' lang='lat'>&amp;</span> <span class='ocrx_word' id='word_1_132' title='bbox 1655 1824 1737 1861; x_wconf 87' lang='lat' dir='ltr'>tu-</span> 
     </span>
     <span class='ocr_line' id='line_1_17' title="bbox 461 1879 1735 1972; baseline 0.022 -45"><span class='ocrx_word' id='word_1_133' title='bbox 461 1914 499 1935; x_wconf 86' lang='lat'><em>„</em></span> <span class='ocrx_word' id='word_1_134' title='bbox 527 1879 590 1930; x_wconf 87' lang='lat' dir='ltr'>is.</span> <span class='ocrx_word' id='word_1_135' title='bbox 635 1883 780 1935; x_wconf 83' lang='lat' dir='ltr'>Nam</span> <span class='ocrx_word' id='word_1_136' title='bbox 833 1887 886 1938; x_wconf 86' lang='lat' dir='ltr'>in</span> <span class='ocrx_word' id='word_1_137' title='bbox 929 1892 1116 1946; x_wconf 85' lang='lat' dir='ltr'>finibus</span> <span class='ocrx_word' id='word_1_138' title='bbox 1181 1901 1309 1950; x_wconf 88' lang='lat' dir='ltr'>meis</span> <span class='ocrx_word' id='word_1_139' title='bbox 1352 1919 1472 1972; x_wconf 90' lang='lat' dir='ltr'>cum</span> <span class='ocrx_word' id='word_1_140' title='bbox 1509 1916 1735 1954; x_wconf 82' lang='lat' dir='ltr'>armatus</span> 
     </span>
     <span class='ocr_line' id='line_1_18' title="bbox 459 1987 1737 2061; baseline 0.019 -40"><span class='ocrx_word' id='word_1_141' title='bbox 459 2008 496 2030; x_wconf 86' lang='lat'>‚,</span> <span class='ocrx_word' id='word_1_142' title='bbox 527 1987 704 2027; x_wconf 78' lang='lat' dir='ltr'>contra</span> <span class='ocrx_word' id='word_1_143' title='bbox 730 1996 813 2029; x_wconf 85' lang='lat' dir='ltr'>eos</span> <span class='ocrx_word' id='word_1_144' title='bbox 847 1987 1143 2053; x_wconf 82' lang='lat' dir='ltr'>progredior</span> <span class='ocrx_word' id='word_1_145' title='bbox 1172 2029 1185 2049; x_wconf 89' lang='lat'><em>,</em></span> <span class='ocrx_word' id='word_1_146' title='bbox 1232 1991 1322 2061; x_wconf 76' lang='lat' dir='ltr'>ipsi</span> <span class='ocrx_word' id='word_1_147' title='bbox 1345 1991 1532 2044; x_wconf 80' lang='lat' dir='ltr'>faciem</span> <span class='ocrx_word' id='word_1_148' title='bbox 1560 1995 1611 2046; x_wconf 85' lang='lat'>&amp;</span> <span class='ocrx_word' id='word_1_149' title='bbox 1636 2008 1737 2046; x_wconf 83' lang='lat' dir='ltr'>ter-</span> 
     </span>
     <span class='ocr_line' id='line_1_19' title="bbox 458 2075 1739 2140; baseline 0.018 -31"><span class='ocrx_word' id='word_1_150' title='bbox 458 2081 589 2131; x_wconf 79' lang='lat' dir='ltr'>,‚ga</span> <span class='ocrx_word' id='word_1_151' title='bbox 635 2080 838 2120; x_wconf 84' lang='lat' dir='ltr'>vertunt</span> <span class='ocrx_word' id='word_1_152' title='bbox 869 2110 882 2131; x_wconf 88' lang='lat'><em>,</em></span> <span class='ocrx_word' id='word_1_153' title='bbox 934 2075 983 2125; x_wconf 87' lang='lat'>&amp;</span> <span class='ocrx_word' id='word_1_154' title='bbox 1036 2076 1252 2140; x_wconf 87' lang='lat' dir='ltr'>Duces,</span> <span class='ocrx_word' id='word_1_155' title='bbox 1300 2082 1350 2132; x_wconf 89' lang='lat'>&amp;</span> <span class='ocrx_word' id='word_1_156' title='bbox 1400 2083 1591 2133; x_wconf 85' lang='lat' dir='ltr'>milites</span> <span class='ocrx_word' id='word_1_157' title='bbox 1635 2083 1739 2134; x_wconf 89' lang='lat' dir='ltr'>mei</span> 
     </span>
     <span class='ocr_line' id='line_1_20' title="bbox 454 2166 1729 2244; baseline 0.015 -36"><span class='ocrx_word' id='word_1_158' title='bbox 454 2187 492 2209; x_wconf 65' lang='lat'>³,</span> <span class='ocrx_word' id='word_1_159' title='bbox 522 2173 609 2222; x_wconf 81' lang='lat' dir='ltr'>per</span> <span class='ocrx_word' id='word_1_160' title='bbox 635 2174 844 2230; x_wconf 75' lang='lat' dir='ltr'>campos</span> <span class='ocrx_word' id='word_1_161' title='bbox 895 2166 955 2217; x_wconf 91' lang='lat' dir='ltr'>de</span> <span class='ocrx_word' id='word_1_162' title='bbox 999 2167 1078 2220; x_wconf 84' lang='lat' dir='ltr'>his</span> <span class='ocrx_word' id='word_1_163' title='bbox 1122 2172 1355 2226; x_wconf 71' lang='lat' dir='ltr'>vicstorias</span> <span class='ocrx_word' id='word_1_164' title='bbox 1407 2175 1729 2244; x_wconf 88' lang='lat' dir='ltr'>consequun-</span> 
     </span>
     <span class='ocr_line' id='line_1_21' title="bbox 451 2256 1729 2327; baseline 0.02 -29"><span class='ocrx_word' id='word_1_165' title='bbox 451 2286 485 2306; x_wconf 85' lang='lat'><em>„</em></span> <span class='ocrx_word' id='word_1_166' title='bbox 517 2264 617 2302; x_wconf 83' lang='lat' dir='ltr'>tur.</span> <span class='ocrx_word' id='word_1_167' title='bbox 662 2256 850 2323; x_wconf 84' lang='lat' dir='ltr'>Neque</span> <span class='ocrx_word' id='word_1_168' title='bbox 877 2261 1004 2311; x_wconf 79' lang='lat' dir='ltr'>mihi</span> <span class='ocrx_word' id='word_1_169' title='bbox 1056 2262 1200 2314; x_wconf 88' lang='lat' dir='ltr'>Deus</span> <span class='ocrx_word' id='word_1_170' title='bbox 1228 2266 1456 2320; x_wconf 88' lang='lat' dir='ltr'>irascitur</span> <span class='ocrx_word' id='word_1_171' title='bbox 1483 2305 1497 2327; x_wconf 90' lang='lat'><strong><em>,</em></strong></span> <span class='ocrx_word' id='word_1_172' title='bbox 1523 2279 1575 2319; x_wconf 87' lang='lat' dir='ltr'>vt</span> <span class='ocrx_word' id='word_1_173' title='bbox 1601 2268 1729 2321; x_wconf 79' lang='lat' dir='ltr'>dicit</span> 
     </span>
     <span class='ocr_line' id='line_1_22' title="bbox 450 2337 1731 2425; baseline 0.017 -38"><span class='ocrx_word' id='word_1_174' title='bbox 450 2375 487 2397; x_wconf 88' lang='lat'><em>„</em></span> <span class='ocrx_word' id='word_1_175' title='bbox 517 2337 816 2395; x_wconf 78' lang='lat' dir='ltr'>Psalterium</span> <span class='ocrx_word' id='word_1_176' title='bbox 848 2385 861 2404; x_wconf 87' lang='lat'><em>,</em></span> <span class='ocrx_word' id='word_1_177' title='bbox 907 2349 956 2398; x_wconf 87' lang='lat'>&amp;</span> <span class='ocrx_word' id='word_1_178' title='bbox 985 2349 1132 2399; x_wconf 88' lang='lat' dir='ltr'>Deus</span> <span class='ocrx_word' id='word_1_179' title='bbox 1159 2365 1275 2403; x_wconf 88' lang='lat' dir='ltr'>vota</span> <span class='ocrx_word' id='word_1_180' title='bbox 1300 2371 1476 2404; x_wconf 85' lang='lat' dir='ltr'>eorum</span> <span class='ocrx_word' id='word_1_181' title='bbox 1525 2354 1731 2425; x_wconf 86' lang='lat' dir='ltr'>Regum</span> 
     </span>
     <span class='ocr_line' id='line_1_23' title="bbox 454 2431 1729 2506; baseline 0.016 -27"><span class='ocrx_word' id='word_1_182' title='bbox 454 2467 490 2489; x_wconf 90' lang='lat'>„</span> <span class='ocrx_word' id='word_1_183' title='bbox 521 2431 744 2498; x_wconf 80' lang='lat' dir='ltr'>implet,</span> <span class='ocrx_word' id='word_1_184' title='bbox 801 2436 887 2502; x_wconf 84' lang='lat' dir='ltr'>qui</span> <span class='ocrx_word' id='word_1_185' title='bbox 936 2436 1058 2486; x_wconf 80' lang='lat' dir='ltr'>iusta</span> <span class='ocrx_word' id='word_1_186' title='bbox 1105 2453 1329 2506; x_wconf 84' lang='lat' dir='ltr'>petunt,</span> <span class='ocrx_word' id='word_1_187' title='bbox 1378 2461 1470 2494; x_wconf 87' lang='lat' dir='ltr'>nec</span> <span class='ocrx_word' id='word_1_188' title='bbox 1522 2445 1618 2497; x_wconf 90' lang='lat' dir='ltr'>hoc</span> <span class='ocrx_word' id='word_1_189' title='bbox 1664 2450 1729 2500; x_wconf 84' lang='lat' dir='ltr'>ad</span> 
     </span>
     <span class='ocr_line' id='line_1_24' title="bbox 450 2523 1724 2610; baseline 0.017 -38"><span class='ocrx_word' id='word_1_190' title='bbox 450 2559 486 2579; x_wconf 84' lang='lat'>‚,</span> <span class='ocrx_word' id='word_1_191' title='bbox 516 2523 718 2575; x_wconf 76' lang='lat' dir='ltr'>laudem</span> <span class='ocrx_word' id='word_1_192' title='bbox 746 2528 961 2579; x_wconf 74' lang='lat' dir='ltr'>nostram</span> <span class='ocrx_word' id='word_1_193' title='bbox 986 2533 1226 2598; x_wconf 83' lang='lat' dir='ltr'>pertinet.</span> <span class='ocrx_word' id='word_1_194' title='bbox 1264 2537 1408 2588; x_wconf 82' lang='lat' dir='ltr'>Nam</span> <span class='ocrx_word' id='word_1_195' title='bbox 1433 2539 1549 2590; x_wconf 90' lang='lat' dir='ltr'>Deo</span> <span class='ocrx_word' id='word_1_196' title='bbox 1569 2560 1724 2610; x_wconf 85' lang='lat' dir='ltr'>agen·</span> 
     </span>
     <span class='ocr_line' id='line_1_25' title="bbox 443 2618 1717 2698; baseline 0.013 -30"><span class='ocrx_word' id='word_1_197' title='bbox 443 2654 482 2676; x_wconf 83' lang='lat'>,‚</span> <span class='ocrx_word' id='word_1_198' title='bbox 512 2618 586 2669; x_wconf 69' lang='lat' dir='ltr'>dee</span> <span class='ocrx_word' id='word_1_199' title='bbox 619 2620 731 2676; x_wconf 79' lang='lat' dir='ltr'>sunt</span> <span class='ocrx_word' id='word_1_200' title='bbox 757 2622 928 2690; x_wconf 55' lang='lat' dir='ltr'>gratim</span> <span class='ocrx_word' id='word_1_201' title='bbox 959 2644 974 2684; x_wconf 66' lang='grc' dir='ltr'><em>ς</em></span> <span class='ocrx_word' id='word_1_202' title='bbox 1021 2624 1062 2674; x_wconf 88' lang='lat' dir='ltr'>is</span> <span class='ocrx_word' id='word_1_203' title='bbox 1086 2624 1153 2675; x_wconf 84' lang='lat' dir='ltr'>est</span> <span class='ocrx_word' id='word_1_204' title='bbox 1179 2628 1266 2698; x_wconf 89' lang='lat' dir='ltr'>qui</span> <span class='ocrx_word' id='word_1_205' title='bbox 1296 2634 1550 2683; x_wconf 88' lang='lat' dir='ltr'>mundum</span> <span class='ocrx_word' id='word_1_206' title='bbox 1572 2632 1717 2684; x_wconf 80' lang='lat' dir='ltr'>vobis</span> 
     </span>
    </p>
   </div>
   <div class='ocr_carea' id='block_1_4' title="bbox 1595 2721 1683 2772">
    <p class='ocr_par' dir='ltr' id='par_1_4' title="bbox 1595 2721 1683 2772">
     <span class='ocr_line' id='line_1_26' title="bbox 1595 2721 1683 2772; baseline 0.034 -2"><span class='ocrx_word' id='word_1_207' title='bbox 1595 2721 1683 2772; x_wconf 82' lang='lat' dir='ltr'>de-</span> 
     </span>
    </p>
   </div>
  </div>
 </body>
</html>
