1931 3239
586 177 617 221 t
649 172 678 221 ἰ’
707 171 725 224 '1
757 186 781 222 s
813 174 848 224 τ
877 187 912 224 o
946 178 977 225 ι
1006 180 1068 229 Α.
1360 190 1463 258 39'1

211 268 366 357 seque
412 289 559 342 nobis
611 292 663 342 in
711 305 1013 362 perpetuum
1052 297 1113 348 iis
1157 303 1332 358 cedere
1380 320 1504 369 curn'

205 384 449 436 omnibus
477 385 608 455 agris
643 424 656 444 ‚
681 387 855 437 insulis
884 425 896 446 ,
922 392 1125 458 'oppidis
1150 433 1162 453 ,
1189 399 1314 452 vicis
1333 442 1347 463 ‚
1381 427 1500 476 pro-

202 476 489 535 uentibus,
549 478 976 550 venstlgalibusque
1029 489 1183 555 regiis
1215 529 1229 550 ,
1279 503 1501 553 caeterist

199 574 299 636 que
356 570 598 622 omnibus
647 576 1134 647 quomodocumque
1181 585 1242 634 ad
1287 594 1500 646 eandem

199 663 375 711 vrbem
417 699 432 720 ,
463 662 788 733 eiusdemque
815 667 972 739 Regis
997 673 1314 731 deditionem
1357 684 1409 734 in
1444 705 1502 739 ea

197 755 404 824 regione
442 754 803 824 spectantibus.
841 762 955 814 Nec
977 767 1149 820 minus
1172 775 1345 827 cedere
1370 778 1417 829 se
1443 795 1503 833 ea

205 850 535 920 vefiigalium
586 853 817 916 summa,
853 860 951 929 (ea
979 864 1156 935 ingens
1187 886 1291 923 erat
1318 873 1334 939 )
1387 894 1502 945 quae

199 956 263 993 ex
295 956 546 994 annorum
591 949 947 1014 proximorum
975 959 1210 1024 pensione
1249 965 1399 1018 diftae
1425 969 1503 1018 ci·-

199 1031 374 1083 uitatis
422 1033 551 1102 Regi
602 1037 772 1090 debita
801 1078 813 1098 ‚
856 1047 1191 1120 nondumque
1241 1074 1330 1124 per
1360 1076 1500 1127 quaea

199 1122 352 1175 stores
381 1127 547 1194 regios
573 1133 750 1183 excreta
797 1132 979 1187 fuerat.
1027 1138 1161 1194 Item
1215 1152 1267 1197 vt
1297 1148 1502 1201 Lusita-

195 1212 292 1271 ni,
373 1216 460 1283 qui
506 1221 699 1287 captiui
763 1224 959 1292 aliquot
1004 1228 1107 1280 iam
1157 1254 1315 1289 annos
1364 1242 1498 1310 apud

191 1302 387 1371 regiam
412 1306 586 1357 vrbem
617 1307 1018 1379 Campanellum
1044 1326 1372 1388 tenebantur,
1401 1349 1499 1400 gu-

183 1394 457 1448 bernatori
501 1400 665 1452 nostro
717 1410 1102 1477 quamprimum
1132 1421 1487 1476 redderentur.

206 1481 312 1535 His
364 1502 515 1558 atque
543 1492 655 1544 aliis
701 1514 944 1567 perquam
995 1505 1292 1564 honorificis
1342 1529 1499 1586 regno

190 1574 358 1626 nostro
389 1581 771 1640 conditionibus
799 1595 1011 1649 firmatis
1040 1626 1054 1658 ‚>
1095 1620 1199 1653 non
1227 1604 1296 1654 ita
1325 1605 1497 1658 multo

189 1670 298 1739 Post
322 1674 371 1725 &
397 1679 589 1747 captiui
630 1686 717 1752 ipfi
746 1690 928 1743 redditi
959 1694 1071 1746 sunt
1101 1736 1113 1757 ,
1162 1717 1383 1768 quorum
1421 1703 1487 1754 li-

191 1763 440 1818 bertatem
466 1806 479 1827 ‚
504 1789 712 1841 propter
731 1787 1007 1837 eorundem
1030 1793 1210 1843 merita
1251 1795 1481 1846 fidebem-

190 1874 290 1924 que
325 1878 535 1929 operam
565 1871 712 1931 nobis
765 1878 940 1928 multis
980 1885 1127 1935 annis
1163 1888 1433 1956 praestitam
1468 1932 1485 1956 ,

190 1954 370 2022 magni
417 1956 676 2012 fecimus:
721 1967 768 2016 ἃ
820 1971 1038 2038 posseffio
1085 1981 1221 2031 vrbis
1273 1982 1492 2041 Bazaim

197 2057 318 2093 meo
347 2048 559 2099 nomine
599 2055 830 2108 anostris
878 2063 1004 2115 inita
1048 2068 1134 2120 est.
1182 2071 1265 2123 Est
1311 2092 1483 2130 autem

190 2132 407 2189 Bazaim
458 2143 572 2193 vrbs
608 2140 864 2204 maritime
917 2157 1123 2228 insignis
1155 2202 1167 2223 ,
1220 2184 1340 2219 cum
1418 2176 1490 2226 ob

192 2230 300 2297 agri
334 2268 348 2288 ‚
379 2230 760 2308 insularumque
824 2248 1168 2305 adiacentium
1219 2261 1493 2322 mirificam

189 2324 452 2390 quandam
485 2330 764 2386 vbertatem
797 2376 810 2398 ‚
843 2353 951 2394 tum
994 2365 1110 2399 vero
1159 2356 1223 2404 ob
1251 2357 1493 2413 siluarum

188 2417 522 2489 materiaeque
574 2434 999 2490 commoditatem
1032 2479 1045 2500 ,
1075 2463 1186 2512 quae
1214 2449 1413 2500 abunde
1439 2452 1493 2503 in

188 2507 285 2558 hoc
309 2527 411 2560 vno
456 2518 707 2573 citerioris
747 2525 909 2581 Indiae
952 2534 1069 2587 loco
1113 2575 1126 2596 ,
1157 2543 1373 2592 nauibus
1419 2545 1497 2595 fa·

183 2595 444 2656 bricandis
483 2604 721 2680 suppetit.
766 2617 847 2669 Sic
900 2637 952 2675 vt
1001 2627 1064 2677 ad
1115 2628 1339 2682 classium
1396 2649 1493 2682 no-

802 2709 891 2767 Dd
1346 2718 1470 2774 ssra·
