1965 3256
526 232 632 282 224
920 231 1203 268 DAMIANI
1236 232 1275 267 A
1308 230 1455 267 GoEs

519 376 556 399 ‚,
583 336 646 387 da
687 352 1001 387 curaremuS.
1032 335 1190 403 Qiod
1227 334 1333 406 ipse
1356 335 1471 386 Rex
1515 332 1805 406 AEthiopiae

526 468 562 489 ‚,
592 430 767 499 magni
798 428 1012 487 faciens,
1043 428 1186 480 suum
1211 428 1486 481 Oratorem
1505 428 1564 478 ad
1587 447 1678 480 nos
1707 430 1809 481 mi-

523 565 560 588 „
587 526 643 576 fit
684 524 803 595 (qui
834 525 886 575 in
913 523 1027 573 aula
1054 523 1217 574 nostra
1242 523 1403 573 adhuc
1431 519 1804 588 commoratur)

526 654 563 675 ‚,
589 616 638 667 &
699 613 848 664 simul
903 611 1232 664 Franciscum
1296 612 1506 664 Alvares
1565 610 1808 682 Capelia-

527 747 564 769 ‚,
588 723 713 758 num
731 704 974 763 nostrum,
997 705 1083 772 qui
1111 704 1178 754 est
1195 722 1319 754 vnus
1346 721 1410 754 ex
1437 703 1515 753 his
1537 740 1550 760 ,
1574 719 1700 770 quos
1722 721 1814 770 pa-

528 842 564 865 ,‚
586 818 660 854 ter
687 820 830 853 meus
868 801 929 852 ad
956 819 1075 851 eum
1122 800 1346 852 miserat.
1387 799 1555 857 Hunc?
1578 796 1815 848 Francis-

532 939 570 962 ,‚
598 918 716 951 cum
745 898 959 949 Alvares
988 898 1123 948 idern
1151 895 1401 966 AEtiopiae
1444 894 1558 946 Rex
1585 892 1819 945 Romam

528 1031 565 1054 „
588 992 769 1049 mittit,
796 1003 850 1040 vt
878 990 964 1039 suo
991 988 1372 1056 &singulorum
1399 1003 1673 1055 regnorum
1702 985 1816 1035 suo-

532 1124 569 1146 „
597 1101 712 1135 rum
741 1082 954 1132 nomine
985 1119 999 1140 ,
1041 1093 1139 1130 tuae
1169 1079 1436 1131 Sancstitati
1465 1077 1817 1130 obedientiam

529 1215 566 1236 ‚,
595 1176 818 1245 praestet:
850 1192 1003 1243 quem
1031 1174 1277 1226 haetenus
1302 1176 1544 1227 remorari
1579 1173 1820 1230 fecimus,

532 1303 570 1325 „
596 1264 730 1334 quod
758 1265 937 1316 multis
976 1265 1037 1316 de
1064 1266 1222 1316 causis
1268 1283 1388 1316 eum
1429 1264 1685 1336 proficisci
1726 1282 1820 1315 vo·-

530 1398 567 1420 ‚,
590 1360 819 1410 lebamus
844 1398 857 1420 ,
904 1378 1004 1410 vna
1029 1378 1150 1410 cum
1188 1360 1425 1429 Martino
1451 1382 1478 1414 a
1504 1359 1819 1432 Portilgallia

531 1492 568 1513 ‚‚
591 1465 776 1520 nepote
797 1453 1085 1506 chariflimo
1108 1493 1121 1514 ,
1163 1456 1212 1506 &
1232 1456 1525 1508 consiliario
1555 1494 1568 1516 ‚
1597 1473 1654 1506 ac
1682 1452 1820 1505 Ora-

532 1580 569 1601 ‚,
600 1555 708 1592 tore
735 1542 902 1594 nostro
928 1545 989 1595 ad
1011 1544 1149 1597 T.S.
1184 1544 1287 1597 Cui
1317 1547 1686 1599 commiffimus
1712 1583 1725 1605 ,
1771 1556 1823 1594 vt

533 1670 570 1692 ‚,
598 1636 817 1684 eundem
868 1634 1194 1688 Franciscum
1223 1637 1436 1688 Alvares
1480 1639 1607 1688 diffl
1662 1636 1821 1704 Regis

535 1769 572 1791 „
600 1730 884 1801 AEthiopiae
904 1731 1179 1784 Oratorem
1196 1731 1462 1799 &meritati
1481 1744 1580 1783 tuae
1608 1730 1669 1781 ad
1695 1748 1825 1798 prae-

540 1860 576 1883 ‚,
604 1825 828 1878 standam
883 1828 1226 1879 obedientiam
1277 1827 1617 1898 praesentaret.
1690 1823 1827 1875 Item

542 1954 580 1975 „
610 1932 661 1968 vt
693 1920 878 1970 cunita
903 1939 960 1971 ea
979 1958 991 1979 ,
1031 1939 1141 1989 quae
1171 1917 1363 1972 Orator
1388 1920 1618 1972 eiusdem
1667 1916 1825 1986 Regis

540 2048 577 2070 „
601 2011 887 2082 AEthiopiae
917 2016 978 2064 ad
1007 2033 1098 2065 nos
1126 2014 1298 2066 missus
1318 2015 1575 2066 deferebat
1606 2053 1620 2074 ‚
1661 2011 1830 2081 aperi-

545 2137 581 2158 ,‚
609 2117 682 2153 ret
708 2142 721 2161 2
770 2105 1110 2174 exemplaque
1152 2105 1441 2157 litterarum
1467 2104 1694 2156 eiusdem
1723 2102 1831 2153 Re-

549 2234 584 2256 „
615 2197 692 2264 gis
719 2197 780 2246 ad
814 2216 904 2248 nos
929 2196 1006 2250 T.
1034 2197 1087 2248 S.
1118 2199 1414 2251 ostenderet.
1442 2199 1712 2269 Propterea
1738 2213 1835 2245 no-

548 2322 585 2343 ,‚
608 2286 688 2334 bis
708 2303 815 2335 rem
845 2288 1173 2355 gratiffimam
1204 2288 1256 2340 S.
1287 2289 1365 2341 T.
1391 2289 1544 2339 faciet
1567 2326 1581 2347 ,
1605 2288 1638 2338 si
1658 2286 1826 2337 eidem

548 2414 585 2436 ‚,
615 2375 1086 2437 Martino,Oratoxi
1105 2383 1294 2444 nostro,
1314 2382 1651 2453 plenissimam
1678 2380 1834 2433 fidem

551 2513 588 2534 ‚,
616 2476 668 2526 in
691 2478 769 2527 his
796 2479 944 2527 rebus
971 2479 1235 2535 habuerit,
1283 2479 1333 2528 &
1359 2489 1495 2527 certe
1533 2474 1650 2526 Deo
1677 2472 1836 2543 Opti-

558 2613 594 2635 „
621 2591 710 2623 mo
745 2572 990 2623 Maximo
1037 2572 1249 2623 summae
1300 2573 1473 2641 gratiae
1497 2570 1608 2622 sunt
1647 2568 1834 2619 merito

552 2706 590 2730 ‚,
618 2665 888 2719 refexcndae
904 2703 920 2731 ξ
947 2665 1084 2735 quod
1101 2663 1434 2717 Pontifiearus
1458 2676 1556 2715 tuae
1580 2658 1832 2736 Sanffitzff-

1702 2767 1742 2788 „⁷
1765 2742 1829 2779 tis
