1931 3239
149 240 318 277 FIDES
344 232 592 273 RELIGIO
623 229 894 278 MORESQ
921 230 1224 268 AETHIOP.
1274 237 1372 290 193

115 380 151 404 „
181 342 371 401 habui,
413 336 640 390 maxime
692 335 830 404 quod
871 332 1137 383 veriffimis
1183 337 1349 386 verbis
1383 376 1397 395 ‚

112 473 150 495 ‚,
177 452 296 485 cum
320 431 436 482 esset
473 430 814 498 interrogatus
852 425 916 475 de
968 425 1066 475 fide.
1097 462 1111 483 ,
1146 425 1398 495 aptiffime

110 567 146 589 „
175 524 524 597 respondebat.
570 521 636 573 Et
686 521 756 572 ita
801 519 997 571 debetis
1038 538 1157 570 eum
1203 518 1398 569 exalta-

111 659 150 681 „
178 639 231 673 re
254 656 269 679 ‚
319 618 369 669 &
406 614 701 684 magistrum
756 613 1016 684 appellare
1039 649 1053 670 ,
1094 614 1143 664 &
1172 613 1289 663 dare
1351 611 1399 662 ei

107 747 146 770 ‚,
175 710 406 760 officium
450 707 785 758 conuertendi
814 707 1036 775 populos
1081 707 1141 756 de
1164 705 1359 757 Macua
1383 744 1398 766 ‚

104 842 142 865 „
169 806 219 856 δί
245 804 306 854 de
332 802 529 855 Dalaca
562 839 575 861 ,
613 803 674 852 de
720 801 873 852 Zeila
898 840 911 860 ,
957 802 1006 852 &
1033 803 1274 852 omnium
1320 803 1402 852 in-

105 896 392 957 „sulatum
443 896 600 946 maris
648 897 832 955 rubri,
890 897 1139 965 quoniam
1186 897 1301 947 sunt
1345 896 1399 946 in

110 990 362 1051 „finibus
417 992 721 1060 Regnorum
778 1006 1055 1050 meorum,
1100 992 1149 1042 ἃ
1203 1009 1299 1060 ego
1347 989 1394 1040 ei

106 1082 381 1143 „conceffi
442 1100 648 1134 crucem
692 1083 742 1132 &
783 1081 1025 1132 baculum
1098 1083 1153 1132 in
1204 1081 1402 1150 fignum

106 1216 144 1238 ,‚
171 1176 456 1246 potestatiS,
511 1177 560 1226 &
610 1175 682 1226 ita
729 1194 818 1225 vos
878 1175 1085 1234 iubete,
1126 1188 1179 1224 vt
1204 1176 1311 1225 haec
1357 1176 1404 1225 ei

109 1310 145 1332 „
172 1270 514 1322 concedantur
543 1306 557 1326 ,
598 1269 648 1319 &
693 1281 890 1318 creetur
957 1266 1241 1338 Episcopus
1287 1268 1402 1318 illa-

103 1400 141 1423 „
170 1379 285 1411 rum
302 1374 549 1410 terrarum
576 1361 625 1410 &
661 1357 942 1409 insularum
967 1397 980 1417 ,
1011 1359 1263 1426 quoniam
1293 1360 1393 1410 hoc

107 1492 143 1515 „
180 1467 437 1512 meretur,
487 1454 535 1502 &
588 1452 800 1503 idoneus
844 1452 912 1503 est
974 1451 1029 1501 in
1069 1454 1167 1502 hoc
1217 1453 1393 1504 officio

105 1581 143 1603 „
172 1544 606 1602 administrando,
669 1544 719 1593 δε
762 1540 857 1591 tibi
916 1543 1063 1594 Deus
1105 1545 1390 1614 plurimum

102 1673 140 1695 „
170 1638 300 1688 bene
341 1636 495 1686 faciet
528 1672 541 1692 ,
601 1648 653 1685 vt
697 1635 893 1703 semper
933 1636 993 1686 fis
1038 1635 1188 1686 fortis
1224 1650 1405 1687 contra

101 1767 138 1789 „
166 1730 328 1781 hostes
353 1744 468 1782 tuos
505 1730 556 1780 &
587 1747 675 1779 eos
699 1731 894 1799 cogatis
932 1731 993 1779 ad
1021 1730 1173 1800 pedes
1206 1728 1393 1780 vestros

101 1859 138 1882 ,‚
166 1825 460 1893 procidere,
520 1824 569 1873 ὅτ
598 1823 744 1874 Deus
771 1825 864 1874 tibi
893 1825 1053 1875 vitam
1086 1824 1360 1892 prolonget
1387 1861 1400 1881 ,

103 1951 142 1973 „
171 1915 220 1965 &
267 1914 572 1983 participem
617 1914 771 1963 saciat
821 1917 991 1984 Regni
1048 1915 1301 1965 coelorum
1354 1912 1405 1961 in

100 2047 138 2070 „
176 2009 379 2078 optimo
403 2011 521 2060 loco
551 2047 564 2068 ‚
596 2010 738 2061 ficuti
768 2029 863 2079 ego
906 2028 997 2077 pro
1032 2028 1117 2060 me
1146 2025 1400 2081 optarem.

105 2137 146 2161 ‚,
175 2101 370 2152 Audiui
409 2117 584 2153 autem
629 2103 841 2154 auribus
892 2104 1023 2152 meis
1068 2104 1229 2154 multa
1271 2106 1405 2154 bona

102 2231 141 2254 „
173 2194 235 2244 de
262 2206 310 2244 te
342 2231 356 2253 ‚
387 2206 437 2244 et
464 2193 625 2245 oculis
653 2194 801 2245 video
828 2212 940 2263 quae
986 2193 1156 2244 videre
1201 2212 1394 2262 nequa-

98 2323 138 2346 „
173 2304 329 2354 quam
365 2286 636 2337 credebam
670 2323 685 2345 ,
732 2287 779 2337 &
808 2286 952 2338 Deus
980 2287 1166 2337 cunOE'm
1213 2287 1274 2337 de
1301 2289 1396 2338 bo-

103 2415 144 2438 „
174 2396 242 2427 no
269 2379 324 2429 in
349 2377 534 2429 melius
566 2375 827 2428 succedere
853 2379 976 2429 velit
1001 2417 1014 2438 ,
1041 2380 1092 2431 δε
1120 2379 1191 2429 ibi
1218 2378 1275 2428 fit
1302 2396 1390 2427 ve-

99 2503 141 2527 „
169 2468 261 2520 ster
285 2468 429 2521 locus
481 2467 627 2536 supra
667 2469 870 2538 lignum
914 2470 1031 2522 vitae
1081 2472 1167 2522 vbi
1218 2470 1286 2522 est
1311 2469 1389 2518 lo-

90 2600 134 2628 „
161 2582 253 2616 cus
279 2564 594 2616 sauciorum.
627 2563 822 2618 Amen.

201 2697 239 2723 ‚,
269 2660 398 2714 EGO
426 2661 567 2715 ficuti
611 2662 747 2715 filius
773 2664 1019 2733 paruulus
1051 2703 1066 2725 ,
1096 2683 1209 2734 quae
1256 2660 1391 2713 iuffi-

1289 2750 1372 2802 stis
