<?xml version="1.0" encoding="UTF-8"?>
<!DOCTYPE html PUBLIC "-//W3C//DTD XHTML 1.0 Transitional//EN"
    "http://www.w3.org/TR/xhtml1/DTD/xhtml1-transitional.dtd">
<html xmlns="http://www.w3.org/1999/xhtml" xml:lang="en" lang="en">
 <head>
  <title>
</title>
<meta http-equiv="Content-Type" content="text/html;charset=utf-8" />
  <meta name='ocr-system' content='tesseract 3.04.00' />
  <meta name='ocr-capabilities' content='ocr_page ocr_carea ocr_par ocr_line ocrx_word'/>
</head>
<body>
  <div class='ocr_page' id='page_1' title='image "./damianigoesopusc00gi_0074.png"; bbox 0 0 1998 3256; ppageno 0'>
   <div class='ocr_carea' id='block_1_1' title="bbox 638 284 1576 337">
    <p class='ocr_par' dir='ltr' id='par_1_1' title="bbox 638 284 1576 337">
     <span class='ocr_line' id='line_1_1' title="bbox 638 284 1576 337; baseline 0 -15"><span class='ocrx_word' id='word_1_1' title='bbox 638 284 710 337; x_wconf 81' lang='lat'>44</span> <span class='ocrx_word' id='word_1_2' title='bbox 1001 285 1286 322; x_wconf 79' lang='lat' dir='ltr'>DAMIANI</span> <span class='ocrx_word' id='word_1_3' title='bbox 1339 288 1379 322; x_wconf 79' lang='lat' dir='ltr'>A</span> <span class='ocrx_word' id='word_1_4' title='bbox 1428 285 1576 324; x_wconf 62' lang='lat' dir='ltr'>eoas</span> 
     </span>
    </p>
   </div>
   <div class='ocr_carea' id='block_1_2' title="bbox 582 389 1863 1842">
    <p class='ocr_par' dir='ltr' id='par_1_2' title="bbox 582 389 1863 1842">
     <span class='ocr_line' id='line_1_2' title="bbox 599 389 1863 460; baseline 0.003 -18"><span class='ocrx_word' id='word_1_5' title='bbox 599 392 700 442; x_wconf 84' lang='lat' dir='ltr'>tius</span> <span class='ocrx_word' id='word_1_6' title='bbox 732 428 745 449; x_wconf 89' lang='lat'><em>,</em></span> <span class='ocrx_word' id='word_1_7' title='bbox 784 407 934 460; x_wconf 89' lang='lat' dir='ltr'>quam</span> <span class='ocrx_word' id='word_1_8' title='bbox 962 389 1013 440; x_wconf 89' lang='lat' dir='ltr'>in</span> <span class='ocrx_word' id='word_1_9' title='bbox 1042 393 1160 442; x_wconf 83' lang='lat' dir='ltr'>vrbe</span> <span class='ocrx_word' id='word_1_10' title='bbox 1185 392 1538 443; x_wconf 87' lang='lat' dir='ltr'>commorandi</span> <span class='ocrx_word' id='word_1_11' title='bbox 1559 390 1863 450; x_wconf 80' lang='lat' dir='ltr'>desiderium</span> 
     </span>
     <span class='ocr_line' id='line_1_3' title="bbox 597 483 1863 556; baseline 0.002 -20"><span class='ocrx_word' id='word_1_12' title='bbox 597 498 785 536; x_wconf 82' lang='lat' dir='ltr'>teneat.</span> <span class='ocrx_word' id='word_1_13' title='bbox 813 483 978 553; x_wconf 82' lang='lat' dir='ltr'>Agros</span> <span class='ocrx_word' id='word_1_14' title='bbox 999 485 1136 535; x_wconf 90' lang='lat' dir='ltr'>enim</span> <span class='ocrx_word' id='word_1_15' title='bbox 1171 487 1345 556; x_wconf 82' lang='lat' dir='ltr'>passim</span> <span class='ocrx_word' id='word_1_16' title='bbox 1371 503 1476 537; x_wconf 91' lang='lat' dir='ltr'>non</span> <span class='ocrx_word' id='word_1_17' title='bbox 1503 484 1629 535; x_wconf 86' lang='lat' dir='ltr'>vicis</span> <span class='ocrx_word' id='word_1_18' title='bbox 1650 525 1664 547; x_wconf 90' lang='lat'><strong><em>,</em></strong></span> <span class='ocrx_word' id='word_1_19' title='bbox 1693 486 1863 556; x_wconf 82' lang='lat' dir='ltr'>pagis-</span> 
     </span>
     <span class='ocr_line' id='line_1_4' title="bbox 594 576 1861 648; baseline 0.001 -20"><span class='ocrx_word' id='word_1_20' title='bbox 594 598 694 648; x_wconf 85' lang='lat' dir='ltr'>que</span> <span class='ocrx_word' id='word_1_21' title='bbox 724 578 884 628; x_wconf 86' lang='lat' dir='ltr'>solum</span> <span class='ocrx_word' id='word_1_22' title='bbox 914 615 928 636; x_wconf 84' lang='lat'><em>,</em></span> <span class='ocrx_word' id='word_1_23' title='bbox 984 576 1065 626; x_wconf 89' lang='lat' dir='ltr'>sed</span> <span class='ocrx_word' id='word_1_24' title='bbox 1092 581 1298 648; x_wconf 85' lang='lat' dir='ltr'>templis</span> <span class='ocrx_word' id='word_1_25' title='bbox 1339 579 1495 629; x_wconf 85' lang='lat' dir='ltr'>etiam</span> <span class='ocrx_word' id='word_1_26' title='bbox 1541 578 1861 648; x_wconf 85' lang='lat' dir='ltr'>claustrisque</span> 
     </span>
     <span class='ocr_line' id='line_1_5' title="bbox 593 668 1858 737; baseline 0 -17"><span class='ocrx_word' id='word_1_27' title='bbox 593 668 879 720; x_wconf 74' lang='lat' dir='ltr'><strong>innumeris</strong></span> <span class='ocrx_word' id='word_1_28' title='bbox 918 670 968 719; x_wconf 84' lang='lat'>&amp;</span> <span class='ocrx_word' id='word_1_29' title='bbox 1013 670 1336 732; x_wconf 81' lang='lat' dir='ltr'>ornatiffimis</span> <span class='ocrx_word' id='word_1_30' title='bbox 1386 670 1696 737; x_wconf 87' lang='lat' dir='ltr'>frequentari</span> <span class='ocrx_word' id='word_1_31' title='bbox 1738 688 1858 720; x_wconf 88' lang='lat' dir='ltr'>cum</span> 
     </span>
     <span class='ocr_line' id='line_1_6' title="bbox 590 760 1856 832; baseline 0.002 -22"><span class='ocrx_word' id='word_1_32' title='bbox 590 773 731 811; x_wconf 82' lang='lat' dir='ltr'>tanta</span> <span class='ocrx_word' id='word_1_33' title='bbox 775 760 934 810; x_wconf 88' lang='lat' dir='ltr'>animi</span> <span class='ocrx_word' id='word_1_34' title='bbox 979 762 1234 832; x_wconf 80' lang='lat' dir='ltr'>voluptate</span> <span class='ocrx_word' id='word_1_35' title='bbox 1267 764 1535 821; x_wconf 76' lang='lat' dir='ltr'>videmus,</span> <span class='ocrx_word' id='word_1_36' title='bbox 1573 774 1625 812; x_wconf 88' lang='lat' dir='ltr'>vt</span> <span class='ocrx_word' id='word_1_37' title='bbox 1680 762 1810 813; x_wconf 86' lang='lat' dir='ltr'>villae</span> <span class='ocrx_word' id='word_1_38' title='bbox 1841 800 1856 821; x_wconf 89' lang='lat'><strong>,</strong></span> 
     </span>
     <span class='ocr_line' id='line_1_7' title="bbox 591 850 1856 920; baseline 0.002 -18"><span class='ocrx_word' id='word_1_39' title='bbox 591 867 695 902; x_wconf 73' lang='lat' dir='ltr'>tarn</span> <span class='ocrx_word' id='word_1_40' title='bbox 735 850 926 901; x_wconf 79' lang='lat' dir='ltr'>rusticae</span> <span class='ocrx_word' id='word_1_41' title='bbox 959 888 971 909; x_wconf 85' lang='lat'>‚</span> <span class='ocrx_word' id='word_1_42' title='bbox 1008 870 1161 920; x_wconf 80' lang='lat' dir='ltr'>quam</span> <span class='ocrx_word' id='word_1_43' title='bbox 1207 854 1501 904; x_wconf 70' lang='lat' dir='ltr'>suburbanae</span> <span class='ocrx_word' id='word_1_44' title='bbox 1529 890 1542 912; x_wconf 85' lang='lat'><em>,</em></span> <span class='ocrx_word' id='word_1_45' title='bbox 1583 871 1856 904; x_wconf 89' lang='lat' dir='ltr'>numerum</span> 
     </span>
     <span class='ocr_line' id='line_1_8' title="bbox 590 943 1854 1015; baseline 0.002 -22"><span class='ocrx_word' id='word_1_46' title='bbox 590 943 941 994; x_wconf 67' lang='lat' dir='ltr'>sexcentarum</span> <span class='ocrx_word' id='word_1_47' title='bbox 970 946 1233 996; x_wconf 80' lang='lat' dir='ltr'><strong>excedant.</strong></span> <span class='ocrx_word' id='word_1_48' title='bbox 1279 946 1441 1015; x_wconf 81' lang='lat' dir='ltr'>Pagos</span> <span class='ocrx_word' id='word_1_49' title='bbox 1468 962 1587 994; x_wconf 84' lang='lat' dir='ltr'>vero</span> <span class='ocrx_word' id='word_1_50' title='bbox 1619 981 1632 1002; x_wconf 91' lang='lat'>,</span> <span class='ocrx_word' id='word_1_51' title='bbox 1662 946 1749 1012; x_wconf 89' lang='lat' dir='ltr'>qui</span> <span class='ocrx_word' id='word_1_52' title='bbox 1793 946 1854 995; x_wconf 85' lang='lat' dir='ltr'>ab</span> 
     </span>
     <span class='ocr_line' id='line_1_9' title="bbox 589 1035 1850 1107; baseline 0 -21"><span class='ocrx_word' id='word_1_53' title='bbox 589 1036 723 1087; x_wconf 66' lang='lat' dir='ltr'>vrbis</span> <span class='ocrx_word' id='word_1_54' title='bbox 771 1035 1149 1107; x_wconf 32' lang='lat' dir='ltr'>magistratibusss</span> <span class='ocrx_word' id='word_1_55' title='bbox 1197 1038 1274 1088; x_wconf 83' lang='lat' dir='ltr'>ius</span> <span class='ocrx_word' id='word_1_56' title='bbox 1322 1051 1491 1107; x_wconf 83' lang='lat' dir='ltr'>petere</span> <span class='ocrx_word' id='word_1_57' title='bbox 1542 1049 1797 1105; x_wconf 84' lang='lat' dir='ltr'>coguntur</span> <span class='ocrx_word' id='word_1_58' title='bbox 1836 1073 1850 1095; x_wconf 87' lang='lat'><strong>,</strong></span> 
     </span>
     <span class='ocr_line' id='line_1_10' title="bbox 592 1123 1855 1194; baseline 0.002 -24"><span class='ocrx_word' id='word_1_59' title='bbox 592 1123 835 1173; x_wconf 58' lang='lat' dir='ltr'>(limentes</span> <span class='ocrx_word' id='word_1_60' title='bbox 884 1125 931 1173; x_wconf 80' lang='lat'>&amp;</span> <span class='ocrx_word' id='word_1_61' title='bbox 972 1126 1302 1194; x_wconf 77' lang='lat' dir='ltr'>quadraginta</span> <span class='ocrx_word' id='word_1_62' title='bbox 1354 1136 1623 1175; x_wconf 80' lang='lat' dir='ltr'>numerant</span> <span class='ocrx_word' id='word_1_63' title='bbox 1653 1161 1666 1181; x_wconf 89' lang='lat'><em>,</em></span> <span class='ocrx_word' id='word_1_64' title='bbox 1724 1125 1855 1173; x_wconf 86' lang='lat' dir='ltr'>inter</span> 
     </span>
     <span class='ocr_line' id='line_1_11' title="bbox 586 1212 1854 1283; baseline 0.006 -24"><span class='ocrx_word' id='word_1_65' title='bbox 586 1229 714 1278; x_wconf 81' lang='lat' dir='ltr'>quos</span> <span class='ocrx_word' id='word_1_66' title='bbox 779 1213 862 1262; x_wconf 85' lang='lat' dir='ltr'>sex</span> <span class='ocrx_word' id='word_1_67' title='bbox 920 1214 966 1262; x_wconf 89' lang='lat'>&amp;</span> <span class='ocrx_word' id='word_1_68' title='bbox 1011 1215 1221 1282; x_wconf 85' lang='lat' dir='ltr'>triginta</span> <span class='ocrx_word' id='word_1_69' title='bbox 1276 1215 1487 1280; x_wconf 69' lang='lat' dir='ltr'>privatis</span> <span class='ocrx_word' id='word_1_70' title='bbox 1541 1212 1854 1283; x_wconf 80' lang='lat' dir='ltr'>propriisque</span> 
     </span>
     <span class='ocr_line' id='line_1_12' title="bbox 588 1302 1852 1375; baseline 0.004 -25"><span class='ocrx_word' id='word_1_71' title='bbox 588 1302 792 1352; x_wconf 83' lang='lat' dir='ltr'>iudiciis</span> <span class='ocrx_word' id='word_1_72' title='bbox 838 1321 895 1352; x_wconf 89' lang='lat' dir='ltr'>ac</span> <span class='ocrx_word' id='word_1_73' title='bbox 922 1304 1223 1370; x_wconf 69' lang='lat' dir='ltr'>praetoribus</span> <span class='ocrx_word' id='word_1_74' title='bbox 1250 1319 1459 1356; x_wconf 78' lang='lat' dir='ltr'>Vtuntur</span> <span class='ocrx_word' id='word_1_75' title='bbox 1479 1342 1493 1364; x_wconf 88' lang='lat'>,</span> <span class='ocrx_word' id='word_1_76' title='bbox 1537 1303 1732 1371; x_wconf 87' lang='lat' dir='ltr'>suisque</span> <span class='ocrx_word' id='word_1_77' title='bbox 1758 1324 1852 1375; x_wconf 90' lang='lat' dir='ltr'>op-</span> 
     </span>
     <span class='ocr_line' id='line_1_13' title="bbox 587 1397 1849 1471; baseline 0.002 -24"><span class='ocrx_word' id='word_1_78' title='bbox 587 1397 788 1465; x_wconf 83' lang='lat' dir='ltr'>pidanis</span> <span class='ocrx_word' id='word_1_79' title='bbox 819 1398 1138 1451; x_wconf 83' lang='lat' dir='ltr'>iurisdicendi</span> <span class='ocrx_word' id='word_1_80' title='bbox 1168 1401 1461 1471; x_wconf 78' lang='lat' dir='ltr'>potestatem</span> <span class='ocrx_word' id='word_1_81' title='bbox 1508 1401 1693 1451; x_wconf 88' lang='lat' dir='ltr'>habent</span> <span class='ocrx_word' id='word_1_82' title='bbox 1726 1439 1741 1462; x_wconf 84' lang='lat'>,</span> <span class='ocrx_word' id='word_1_83' title='bbox 1770 1401 1849 1450; x_wconf 88' lang='lat' dir='ltr'>in-</span> 
     </span>
     <span class='ocr_line' id='line_1_14' title="bbox 585 1491 1848 1565; baseline 0.004 -26"><span class='ocrx_word' id='word_1_84' title='bbox 585 1491 916 1560; x_wconf 82' lang='lat' dir='ltr'>colarumque</span> <span class='ocrx_word' id='word_1_85' title='bbox 938 1497 1300 1547; x_wconf 80' lang='lat' dir='ltr'>controuersias</span> <span class='ocrx_word' id='word_1_86' title='bbox 1327 1514 1416 1565; x_wconf 84' lang='lat' dir='ltr'>per</span> <span class='ocrx_word' id='word_1_87' title='bbox 1446 1494 1494 1545; x_wconf 90' lang='lat' dir='ltr'>se</span> <span class='ocrx_word' id='word_1_88' title='bbox 1513 1512 1692 1544; x_wconf 87' lang='lat' dir='ltr'>omnes</span> <span class='ocrx_word' id='word_1_89' title='bbox 1714 1493 1848 1544; x_wconf 83' lang='lat' dir='ltr'>diiu-</span> 
     </span>
     <span class='ocr_line' id='line_1_15' title="bbox 583 1584 1847 1646; baseline 0.005 -15"><span class='ocrx_word' id='word_1_90' title='bbox 583 1584 754 1632; x_wconf 85' lang='lat' dir='ltr'>dicant</span> <span class='ocrx_word' id='word_1_91' title='bbox 777 1620 790 1640; x_wconf 88' lang='lat'><em>,</em></span> <span class='ocrx_word' id='word_1_92' title='bbox 842 1586 891 1635; x_wconf 87' lang='lat'>&amp;</span> <span class='ocrx_word' id='word_1_93' title='bbox 925 1585 1109 1636; x_wconf 88' lang='lat' dir='ltr'>finiunt</span> <span class='ocrx_word' id='word_1_94' title='bbox 1142 1625 1155 1646; x_wconf 90' lang='lat'><em>,</em></span> <span class='ocrx_word' id='word_1_95' title='bbox 1201 1588 1290 1638; x_wconf 85' lang='lat' dir='ltr'>nifi</span> <span class='ocrx_word' id='word_1_96' title='bbox 1331 1605 1448 1637; x_wconf 85' lang='lat' dir='ltr'>cum</span> <span class='ocrx_word' id='word_1_97' title='bbox 1497 1587 1557 1636; x_wconf 87' lang='lat' dir='ltr'>de</span> <span class='ocrx_word' id='word_1_98' title='bbox 1586 1585 1744 1636; x_wconf 77' lang='lat' dir='ltr'>causis</span> <span class='ocrx_word' id='word_1_99' title='bbox 1763 1604 1847 1637; x_wconf 85' lang='lat' dir='ltr'>ca-</span> 
     </span>
     <span class='ocr_line' id='line_1_16' title="bbox 582 1675 1844 1748; baseline 0.002 -23"><span class='ocrx_word' id='word_1_100' title='bbox 582 1675 825 1743; x_wconf 75' lang='lat' dir='ltr'>pitalibus</span> <span class='ocrx_word' id='word_1_101' title='bbox 854 1714 867 1734; x_wconf 86' lang='lat'>‚</span> <span class='ocrx_word' id='word_1_102' title='bbox 905 1680 1319 1747; x_wconf 82' lang='lat' dir='ltr'>grauioribusque</span> <span class='ocrx_word' id='word_1_103' title='bbox 1359 1680 1545 1748; x_wconf 84' lang='lat' dir='ltr'>agitur.</span> <span class='ocrx_word' id='word_1_104' title='bbox 1589 1678 1748 1729; x_wconf 89' lang='lat' dir='ltr'>Tunc</span> <span class='ocrx_word' id='word_1_105' title='bbox 1792 1697 1844 1727; x_wconf 84' lang='lat' dir='ltr'>e-</span> 
     </span>
     <span class='ocr_line' id='line_1_17' title="bbox 582 1771 1844 1842; baseline 0.001 -22"><span class='ocrx_word' id='word_1_106' title='bbox 582 1771 692 1821; x_wconf 77' lang='lat' dir='ltr'>nim</span> <span class='ocrx_word' id='word_1_107' title='bbox 714 1772 775 1821; x_wconf 86' lang='lat' dir='ltr'>ad</span> <span class='ocrx_word' id='word_1_108' title='bbox 802 1771 1061 1823; x_wconf 84' lang='lat' dir='ltr'>summum</span> <span class='ocrx_word' id='word_1_109' title='bbox 1098 1775 1237 1825; x_wconf 87' lang='lat' dir='ltr'>vrbis</span> <span class='ocrx_word' id='word_1_110' title='bbox 1288 1771 1631 1842; x_wconf 80' lang='lat' dir='ltr'>magistratum</span> <span class='ocrx_word' id='word_1_111' title='bbox 1659 1791 1844 1842; x_wconf 87' lang='lat' dir='ltr'>provo-</span> 
     </span>
    </p>
   </div>
   <div class='ocr_carea' id='block_1_3' title="bbox 524 1868 1842 2669">
    <p class='ocr_par' dir='ltr' id='par_1_3' title="bbox 524 1868 1842 2669">
     <span class='ocr_line' id='line_1_18' title="bbox 577 1868 1841 1938; baseline 0.001 -22"><span class='ocrx_word' id='word_1_112' title='bbox 577 1881 720 1918; x_wconf 82' lang='lat' dir='ltr'>catur</span> <span class='ocrx_word' id='word_1_113' title='bbox 751 1906 765 1926; x_wconf 79' lang='lat'>‚</span> <span class='ocrx_word' id='word_1_114' title='bbox 806 1869 1010 1938; x_wconf 87' lang='lat' dir='ltr'>eiusque</span> <span class='ocrx_word' id='word_1_115' title='bbox 1051 1870 1350 1921; x_wconf 79' lang='lat' dir='ltr'>sententiam</span> <span class='ocrx_word' id='word_1_116' title='bbox 1401 1868 1652 1937; x_wconf 81' lang='lat' dir='ltr'>requirere</span> <span class='ocrx_word' id='word_1_117' title='bbox 1697 1885 1841 1918; x_wconf 84' lang='lat' dir='ltr'>com-</span> 
     </span>
     <span class='ocr_line' id='line_1_19' title="bbox 574 1958 1842 2029; baseline -0.003 -18"><span class='ocrx_word' id='word_1_118' title='bbox 574 1961 1103 2029; x_wconf 79' lang='lat' dir='ltr'>pelluntur.Denique</span> <span class='ocrx_word' id='word_1_119' title='bbox 1124 1975 1175 2012; x_wconf 88' lang='lat' dir='ltr'>vt</span> <span class='ocrx_word' id='word_1_120' title='bbox 1195 1980 1271 2020; x_wconf 89' lang='lat' dir='ltr'>ea,</span> <span class='ocrx_word' id='word_1_121' title='bbox 1286 1978 1398 2029; x_wconf 84' lang='lat' dir='ltr'>quae</span> <span class='ocrx_word' id='word_1_122' title='bbox 1420 1958 1610 2027; x_wconf 83' lang='lat' dir='ltr'>insigne</span> <span class='ocrx_word' id='word_1_123' title='bbox 1636 1958 1842 2027; x_wconf 81' lang='lat' dir='ltr'>aliquod</span> 
     </span>
     <span class='ocr_line' id='line_1_20' title="bbox 574 2049 1838 2122; baseline -0.004 -18"><span class='ocrx_word' id='word_1_124' title='bbox 574 2069 934 2106; x_wconf 80' lang='lat' dir='ltr'>ornamentum</span> <span class='ocrx_word' id='word_1_125' title='bbox 957 2055 1067 2105; x_wconf 86' lang='lat' dir='ltr'>vrbi</span> <span class='ocrx_word' id='word_1_126' title='bbox 1093 2054 1270 2105; x_wconf 87' lang='lat' dir='ltr'>afferre</span> <span class='ocrx_word' id='word_1_127' title='bbox 1310 2049 1508 2122; x_wconf 87' lang='lat' dir='ltr'>possunt</span> <span class='ocrx_word' id='word_1_128' title='bbox 1539 2089 1552 2111; x_wconf 89' lang='lat'>‚</span> <span class='ocrx_word' id='word_1_129' title='bbox 1581 2052 1724 2102; x_wconf 87' lang='lat' dir='ltr'>breui</span> <span class='ocrx_word' id='word_1_130' title='bbox 1753 2068 1838 2100; x_wconf 90' lang='lat' dir='ltr'>ve-</span> 
     </span>
     <span class='ocr_line' id='line_1_21' title="bbox 572 2140 1836 2214; baseline -0.005 -20"><span class='ocrx_word' id='word_1_131' title='bbox 572 2145 646 2195; x_wconf 84' lang='lat' dir='ltr'>lut</span> <span class='ocrx_word' id='word_1_132' title='bbox 672 2147 876 2214; x_wconf 80' lang='lat' dir='ltr'>epilogo</span> <span class='ocrx_word' id='word_1_133' title='bbox 901 2146 1309 2214; x_wconf 69' lang='lat' dir='ltr'>comple&amp;amur</span> <span class='ocrx_word' id='word_1_134' title='bbox 1333 2180 1345 2202; x_wconf 88' lang='lat'><strong>,</strong></span> <span class='ocrx_word' id='word_1_135' title='bbox 1391 2143 1454 2193; x_wconf 86' lang='lat' dir='ltr'>ad</span> <span class='ocrx_word' id='word_1_136' title='bbox 1499 2140 1637 2210; x_wconf 85' lang='lat' dir='ltr'>Tagi</span> <span class='ocrx_word' id='word_1_137' title='bbox 1669 2141 1836 2207; x_wconf 84' lang='lat' dir='ltr'>ripam</span> 
     </span>
     <span class='ocr_line' id='line_1_22' title="bbox 569 2232 1830 2308; baseline -0.003 -22"><span class='ocrx_word' id='word_1_138' title='bbox 569 2238 987 2308; x_wconf 78' lang='lat' dir='ltr'>quinquagesimo</span> <span class='ocrx_word' id='word_1_139' title='bbox 1007 2239 1207 2287; x_wconf 86' lang='lat' dir='ltr'>circiter</span> <span class='ocrx_word' id='word_1_140' title='bbox 1233 2238 1295 2286; x_wconf 85' lang='lat' dir='ltr'>ab</span> <span class='ocrx_word' id='word_1_141' title='bbox 1317 2237 1435 2285; x_wconf 91' lang='lat' dir='ltr'>vrbe</span> <span class='ocrx_word' id='word_1_142' title='bbox 1475 2234 1643 2304; x_wconf 88' lang='lat' dir='ltr'>lapide</span> <span class='ocrx_word' id='word_1_143' title='bbox 1682 2271 1694 2292; x_wconf 90' lang='lat'><em>,</em></span> <span class='ocrx_word' id='word_1_144' title='bbox 1729 2232 1830 2283; x_wconf 83' lang='lat' dir='ltr'>flu-</span> 
     </span>
     <span class='ocr_line' id='line_1_23' title="bbox 567 2321 1831 2394; baseline -0.006 -16"><span class='ocrx_word' id='word_1_145' title='bbox 567 2329 709 2378; x_wconf 87' lang='lat' dir='ltr'>mine</span> <span class='ocrx_word' id='word_1_146' title='bbox 752 2328 963 2378; x_wconf 79' lang='lat' dir='ltr'>aduerso</span> <span class='ocrx_word' id='word_1_147' title='bbox 1008 2365 1020 2383; x_wconf 89' lang='lat'><em>,</em></span> <span class='ocrx_word' id='word_1_148' title='bbox 1083 2326 1331 2394; x_wconf 88' lang='lat' dir='ltr'>oppidum</span> <span class='ocrx_word' id='word_1_149' title='bbox 1389 2323 1619 2374; x_wconf 84' lang='lat' dir='ltr'>Scalabis</span> <span class='ocrx_word' id='word_1_150' title='bbox 1682 2321 1831 2371; x_wconf 80' lang='lat' dir='ltr'>situm</span> 
     </span>
     <span class='ocr_line' id='line_1_24' title="bbox 564 2413 1827 2489; baseline -0.006 -19"><span class='ocrx_word' id='word_1_151' title='bbox 564 2420 651 2478; x_wconf 83' lang='lat' dir='ltr'>est,</span> <span class='ocrx_word' id='word_1_152' title='bbox 680 2437 917 2489; x_wconf 77' lang='lat' dir='ltr'>peruetus</span> <span class='ocrx_word' id='word_1_153' title='bbox 943 2433 1093 2486; x_wconf 81' lang='lat' dir='ltr'>atque</span> <span class='ocrx_word' id='word_1_154' title='bbox 1127 2418 1265 2467; x_wconf 87' lang='lat' dir='ltr'>inter</span> <span class='ocrx_word' id='word_1_155' title='bbox 1290 2417 1532 2484; x_wconf 86' lang='lat' dir='ltr'>pleraque</span> <span class='ocrx_word' id='word_1_156' title='bbox 1575 2413 1673 2464; x_wconf 86' lang='lat' dir='ltr'>alia</span> <span class='ocrx_word' id='word_1_157' title='bbox 1717 2413 1827 2464; x_wconf 88' lang='lat' dir='ltr'>Lu-</span> 
     </span>
     <span class='ocr_line' id='line_1_25' title="bbox 564 2504 1831 2580; baseline -0.009 -17"><span class='ocrx_word' id='word_1_158' title='bbox 564 2511 752 2563; x_wconf 71' lang='lat' dir='ltr'>fitaniae</span> <span class='ocrx_word' id='word_1_159' title='bbox 799 2512 989 2580; x_wconf 70' lang='lat' dir='ltr'>oppida</span> <span class='ocrx_word' id='word_1_160' title='bbox 1037 2508 1325 2578; x_wconf 85' lang='lat' dir='ltr'>percelebre</span> <span class='ocrx_word' id='word_1_161' title='bbox 1374 2544 1386 2564; x_wconf 91' lang='lat'><em>,</em></span> <span class='ocrx_word' id='word_1_162' title='bbox 1449 2506 1586 2574; x_wconf 87' lang='lat' dir='ltr'>quod</span> <span class='ocrx_word' id='word_1_163' title='bbox 1635 2504 1831 2555; x_wconf 87' lang='lat' dir='ltr'>Plinius</span> 
     </span>
     <span class='ocr_line' id='line_1_26' title="bbox 524 2592 1829 2669; baseline -0.011 -18"><span class='ocrx_word' id='word_1_164' title='bbox 524 2666 526 2669; x_wconf 12' lang='lat' dir='ltr'>y</span> <span class='ocrx_word' id='word_1_165' title='bbox 565 2602 798 2669; x_wconf 77' lang='lat' dir='ltr'>quintam</span> <span class='ocrx_word' id='word_1_166' title='bbox 833 2597 1106 2648; x_wconf 80' lang='lat' dir='ltr'>Lusitaniae</span> <span class='ocrx_word' id='word_1_167' title='bbox 1158 2593 1416 2644; x_wconf 85' lang='lat' dir='ltr'>coloniam</span> <span class='ocrx_word' id='word_1_168' title='bbox 1457 2592 1598 2642; x_wconf 80' lang='lat' dir='ltr'>fuisse</span> <span class='ocrx_word' id='word_1_169' title='bbox 1635 2628 1648 2649; x_wconf 91' lang='lat'>‚</span> <span class='ocrx_word' id='word_1_170' title='bbox 1681 2598 1829 2656; x_wconf 83' lang='lat' dir='ltr'>atque</span> 
     </span>
    </p>
   </div>
   <div class='ocr_carea' id='block_1_4' title="bbox 562 2680 1822 2816">
    <p class='ocr_par' dir='ltr' id='par_1_4' title="bbox 562 2680 1822 2816">
     <span class='ocr_line' id='line_1_27' title="bbox 562 2680 1822 2760; baseline -0.013 -17"><span class='ocrx_word' id='word_1_171' title='bbox 562 2692 851 2760; x_wconf 79' lang='lat' dir='ltr'>praefidium</span> <span class='ocrx_word' id='word_1_172' title='bbox 895 2689 1092 2741; x_wconf 87' lang='lat' dir='ltr'>Iulium</span> <span class='ocrx_word' id='word_1_173' title='bbox 1137 2687 1265 2737; x_wconf 87' lang='lat' dir='ltr'>olim</span> <span class='ocrx_word' id='word_1_174' title='bbox 1307 2697 1546 2736; x_wconf 77' lang='lat' dir='ltr'>vocatum</span> <span class='ocrx_word' id='word_1_175' title='bbox 1585 2680 1822 2732; x_wconf 82' lang='lat' dir='ltr'>testatur:</span> 
     </span>
     <span class='ocr_line' id='line_1_28' title="bbox 1690 2783 1783 2816; baseline -0.022 0"><span class='ocrx_word' id='word_1_176' title='bbox 1690 2783 1783 2816; x_wconf 87' lang='lat' dir='ltr'>no-</span> 
     </span>
    </p>
   </div>
   <div class='ocr_carea' id='block_1_5' title="bbox 1961 2463 1998 3256">
    <p class='ocr_par' dir='ltr' id='par_1_5' title="bbox 1961 2463 1998 3256">
     <span class='ocr_line' id='line_1_29' title="bbox 1961 2463 1998 3256; baseline 0 0"><span class='ocrx_word' id='word_1_177' title='bbox 1961 2463 1998 3256; x_wconf 95' lang='lat' dir='ltr'> </span> 
     </span>
    </p>
   </div>
  </div>
 </body>
</html>
