1931 3239
299 245 532 286 mx-:Ns1s
573 242 752 279 vnms
799 243 1201 282 OPPVGNATxo
1281 252 1381 304 145

155 354 337 410 tibias,
372 345 600 398 intestina
623 385 637 407 ,
672 359 952 417 caeteraque
989 349 1216 418 corporis
1255 369 1424 403 mem-

154 446 242 495 bra
269 482 283 503 ,
311 459 420 509 quae
440 440 490 489 in
527 440 655 490 arcis
685 439 805 492 foffa
831 441 1075 511 prostrata
1101 442 1356 493 iacebant.

254 534 524 584 PRAELlo
549 532 695 583 finito
723 570 737 592 ,
771 535 875 584 iam
918 532 1173 603 profunda
1225 534 1375 584 noete
1403 571 1418 593 ,

149 625 277 678 Dux
304 625 564 677 Antonius
610 644 638 675 a
663 625 890 695 Sylueira
911 664 923 683 ,
950 644 1071 676 cum
1107 625 1301 677 vidisset
1323 625 1422 687 ho·

147 716 242 769 stes
290 720 394 769 iam
432 718 492 767 ad
540 735 708 768 arcem
758 719 1150 788 expugnandam
1195 717 1422 784 amplius

148 828 255 860 non
304 810 437 869 niti,
480 828 571 861 nec
602 812 662 861 ad
702 828 817 860 eam
859 811 1083 880 aliquam
1123 809 1424 860 machinam

146 903 416 953 admouere
445 940 458 962 ,
487 902 724 954 custodiis
750 901 999 972 dispositis
1023 941 1037 961 ,
1080 918 1260 951 omues
1304 900 1421 950 suos

149 994 431 1065 superstites
477 996 594 1046 cibo
628 997 763 1049 refici
797 997 1029 1056 curauit,
1082 995 1168 1064 qui
1229 1012 1255 1044 a
1281 1011 1433 1044 coena

149 1085 420 1153 superioris
456 1087 619 1137 ηοὲὶίε
674 1089 737 1138 ad
757 1088 932 1138 horam
996 1088 1137 1138 illam
1167 1097 1320 1158 vlque
1348 1091 1429 1139 in-

151 1191 350 1245 tegrum
386 1178 561 1227 cibum
591 1197 695 1228 non
719 1179 1034 1246 sumpserant
1059 1217 1072 1237 ,
1101 1181 1237 1247 quod
1261 1180 1427 1248 spaci-

152 1285 242 1317 um
283 1282 389 1317 erat·
415 1266 576 1318 ferme
600 1268 782 1336 viginti
826 1270 980 1318 trium
1008 1269 1274 1319 horarum.
1321 1270 1427 1321 Re-

153 1358 304 1410 feffis
330 1375 501 1411 autem
530 1363 591 1411 iis
617 1399 630 1419 ,
673 1362 722 1411 δε
749 1361 1042 1411 vulneribus
1093 1362 1319 1429 ipsorum
1347 1381 1427 1412 re-

151 1450 320 1519 ligatis
344 1490 357 1511 ,
427 1451 739 1520 mortuisque
789 1471 939 1522 opere
1000 1455 1378 1524 mancipiorum
1406 1493 1419 1512 ,

153 1560 267 1610 quae
313 1543 367 1591 in
392 1561 507 1596 arce
534 1543 736 1611 captiua
785 1544 1036 1594 habebant
1064 1582 1078 1603 ,
1109 1543 1317 1611 sepultis
1343 1583 1354 1603 ‚
1381 1544 1429 1595 se

151 1636 494 1687 nobilioribus
525 1675 539 1696 ‚
606 1655 728 1704 quas
782 1636 998 1687 habebat
1028 1675 1042 1695 ,
1086 1635 1304 1686 vestibus
1350 1636 1430 1685 in-

148 1729 263 1780 duit
292 1767 306 1789 ,
350 1722 657 1799 caeterosque
686 1731 863 1782 itidem
903 1730 1069 1781 facere
1096 1730 1259 1780 iubet.
1306 1728 1429 1796 Qio

155 1825 294 1877 facio
323 1865 337 1886 ,
358 1844 536 1878 canere
562 1842 712 1896 atque
754 1828 933 1879 saltare
974 1827 1236 1895 inceptum
1267 1862 1280 1882 ,
1331 1841 1431 1874 cae-

156 1919 376 1987 terisque
427 1920 852 1988 insequentibus„
920 1935 1171 1988 magnum
1221 1917 1434 1984 clango-

156 2027 266 2060 rem
297 2047 311 2068 ‚
344 2010 394 2060 δε
420 2027 605 2060 vocum
644 2049 658 2071 ‚
677 2012 726 2062 &
752 2013 990 2062 tubarum
1017 2028 1105 2080 per
1151 2022 1312 2059 totam
1339 2026 1433 2057 no-

153 2104 294 2155 &cem
320 2105 565 2156 excitant.
612 2104 671 2155 Id
698 2105 904 2173 quidem
946 2107 1162 2174 agebant
1189 2141 1199 2159 .
1248 2116 1298 2151 vt
1325 2103 1419 2151 ho-

155 2195 249 2247 stes
291 2197 550 2248 crederent
581 2197 715 2267 ipsos
755 2216 820 2248 eo
847 2199 1022 2248 animo
1048 2212 1199 2264 atque
1243 2195 1431 2244 virtute

158 2287 324 2336 adhuc
378 2287 508 2346 effe,
561 2306 660 2357 qua
709 2288 760 2338 in
786 2289 1041 2358 principio
1082 2283 1431 2337 dimicationis

156 2377 359 2429 fuerant
388 2418 402 2439 ‚
427 2380 560 2431 inter
586 2399 708 2449 quas
736 2380 944 2431 choreas
964 2384 1014 2433 δι
1039 2381 1283 2431 tibiarum
1305 2395 1431 2426 con-

152 2485 332 2522 centus
361 2507 376 2528 ,
399 2488 500 2521 non
523 2472 648 2523 risus
692 2485 779 2522 -aut
803 2473 1047 2523 cachinni
1079 2510 1093 2531 ,
1122 2471 1203 2522 sed
1231 2469 1430 2536 lachry-

155 2569 256 2606 mae
283 2554 599 2621 profluebant
622 2595 636 2616 ,
665 2556 846 2608 hostias
875 2559 920 2609 se
949 2559 1143 2609 futuras
1173 2559 1224 2608 in
1252 2558 1429 2627 proxi·

136 2663 303 2703 fimum
343 2648 477 2700 haud
520 2650 844 2713 dubitantes,
890 2651 925 2703 s1
952 2653 1120 2703 denuo
1163 2666 1428 2720 oppugna-

1316 2751 1390 2787 tio
