<?xml version="1.0" encoding="UTF-8"?>
<!DOCTYPE html PUBLIC "-//W3C//DTD XHTML 1.0 Transitional//EN"
    "http://www.w3.org/TR/xhtml1/DTD/xhtml1-transitional.dtd">
<html xmlns="http://www.w3.org/1999/xhtml" xml:lang="en" lang="en">
 <head>
  <title>
</title>
<meta http-equiv="Content-Type" content="text/html;charset=utf-8" />
  <meta name='ocr-system' content='tesseract 3.04.00' />
  <meta name='ocr-capabilities' content='ocr_page ocr_carea ocr_par ocr_line ocrx_word'/>
</head>
<body>
  <div class='ocr_page' id='page_1' title='image "./damianigoesopusc00gi_0205.png"; bbox 0 0 1931 3239; ppageno 0'>
   <div class='ocr_carea' id='block_1_1' title="bbox 221 225 1475 287">
    <p class='ocr_par' dir='ltr' id='par_1_1' title="bbox 221 225 1475 287">
     <span class='ocr_line' id='line_1_1' title="bbox 221 225 1475 287; baseline -0.009 -14"><span class='ocrx_word' id='word_1_1' title='bbox 221 233 391 273; x_wconf 75' lang='lat' dir='ltr'>FIDES</span> <span class='ocrx_word' id='word_1_2' title='bbox 423 228 674 267; x_wconf 86' lang='lat' dir='ltr'>RELIGIO</span> <span class='ocrx_word' id='word_1_3' title='bbox 707 225 1001 273; x_wconf 69' lang='lat' dir='ltr'>MORESQ.</span> <span class='ocrx_word' id='word_1_4' title='bbox 1034 227 1332 267; x_wconf 73' lang='lat' dir='ltr'>AETHmP.</span> <span class='ocrx_word' id='word_1_5' title='bbox 1383 234 1475 287; x_wconf 73' lang='lat'>171</span> 
     </span>
    </p>
   </div>
   <div class='ocr_carea' id='block_1_2' title="bbox 192 328 1502 1538">
    <p class='ocr_par' dir='ltr' id='par_1_2' title="bbox 192 328 1502 1538">
     <span class='ocr_line' id='line_1_2' title="bbox 194 328 1488 406; baseline -0.005 -17"><span class='ocrx_word' id='word_1_6' title='bbox 194 346 290 396; x_wconf 79' lang='lat' dir='ltr'>iter</span> <span class='ocrx_word' id='word_1_7' title='bbox 332 346 592 406; x_wconf 87' lang='lat' dir='ltr'><strong>ceperunt.</strong></span> <span class='ocrx_word' id='word_1_8' title='bbox 637 332 703 382; x_wconf 90' lang='lat' dir='ltr'>In</span> <span class='ocrx_word' id='word_1_9' title='bbox 728 347 833 398; x_wconf 88' lang='lat' dir='ltr'>quo</span> <span class='ocrx_word' id='word_1_10' title='bbox 859 330 987 379; x_wconf 82' lang='lat' dir='ltr'>loco</span> <span class='ocrx_word' id='word_1_11' title='bbox 1016 328 1136 379; x_wconf 85' lang='lat' dir='ltr'>naui</span> <span class='ocrx_word' id='word_1_12' title='bbox 1175 331 1444 384; x_wconf 76' lang='lat' dir='ltr'><strong>conscensa</strong></span> <span class='ocrx_word' id='word_1_13' title='bbox 1474 374 1488 395; x_wconf 83' lang='lat'>,</span> 
     </span>
     <span class='ocr_line' id='line_1_3' title="bbox 193 418 1490 501; baseline -0.013 -16"><span class='ocrx_word' id='word_1_14' title='bbox 193 437 259 488; x_wconf 86' lang='lat' dir='ltr'>ad</span> <span class='ocrx_word' id='word_1_15' title='bbox 283 429 535 501; x_wconf 81' lang='lat' dir='ltr'>quandam</span> <span class='ocrx_word' id='word_1_16' title='bbox 554 426 730 476; x_wconf 86' lang='lat' dir='ltr'>vrbem</span> <span class='ocrx_word' id='word_1_17' title='bbox 749 462 762 482; x_wconf 95' lang='lat'><em>,</em></span> <span class='ocrx_word' id='word_1_18' title='bbox 816 422 1026 472; x_wconf 82' lang='lat' dir='ltr'>nomine</span> <span class='ocrx_word' id='word_1_19' title='bbox 1054 418 1305 491; x_wconf 78' lang='lat' dir='ltr'>Cuaquen</span> <span class='ocrx_word' id='word_1_20' title='bbox 1334 424 1385 472; x_wconf 87' lang='lat' dir='ltr'>in</span> <span class='ocrx_word' id='word_1_21' title='bbox 1404 425 1490 474; x_wconf 84' lang='lat' dir='ltr'>lit..</span> 
     </span>
     <span class='ocr_line' id='line_1_4' title="bbox 195 517 1501 589; baseline -0.004 -12"><span class='ocrx_word' id='word_1_22' title='bbox 195 543 304 581; x_wconf 85' lang='lat' dir='ltr'>tore</span> <span class='ocrx_word' id='word_1_23' title='bbox 374 520 688 589; x_wconf 79' lang='lat' dir='ltr'>Aethiopico</span> <span class='ocrx_word' id='word_1_24' title='bbox 746 517 889 567; x_wconf 85' lang='lat' dir='ltr'>fitam</span> <span class='ocrx_word' id='word_1_25' title='bbox 957 517 1279 585; x_wconf 83' lang='lat' dir='ltr'><strong>appulerunt.</strong></span> <span class='ocrx_word' id='word_1_26' title='bbox 1324 518 1501 572; x_wconf 77' lang='lat' dir='ltr'>Postea</span> 
     </span>
     <span class='ocr_line' id='line_1_5' title="bbox 192 609 1495 683; baseline -0.005 -11"><span class='ocrx_word' id='word_1_27' title='bbox 192 622 433 676; x_wconf 83' lang='lat' dir='ltr'>Adenam</span> <span class='ocrx_word' id='word_1_28' title='bbox 472 614 717 683; x_wconf 84' lang='lat' dir='ltr'>nauigant</span> <span class='ocrx_word' id='word_1_29' title='bbox 742 650 756 671; x_wconf 88' lang='lat'>‚</span> <span class='ocrx_word' id='word_1_30' title='bbox 791 611 909 661; x_wconf 84' lang='lat' dir='ltr'>inde</span> <span class='ocrx_word' id='word_1_31' title='bbox 957 609 1204 661; x_wconf 78' lang='lat' dir='ltr'>Alfonsus</span> <span class='ocrx_word' id='word_1_32' title='bbox 1229 611 1415 666; x_wconf 85' lang='lat' dir='ltr'>iterum</span> <span class='ocrx_word' id='word_1_33' title='bbox 1439 617 1495 668; x_wconf 78' lang='lat' dir='ltr'>in</span> 
     </span>
     <span class='ocr_line' id='line_1_6' title="bbox 199 708 1495 781; baseline -0.006 -12"><span class='ocrx_word' id='word_1_34' title='bbox 199 713 535 781; x_wconf 82' lang='lat' dir='ltr'>Aethiopiam</span> <span class='ocrx_word' id='word_1_35' title='bbox 583 710 644 760; x_wconf 81' lang='lat' dir='ltr'>ad</span> <span class='ocrx_word' id='word_1_36' title='bbox 696 709 1003 761; x_wconf 84' lang='lat' dir='ltr'>Preciosum</span> <span class='ocrx_word' id='word_1_37' title='bbox 1055 708 1305 761; x_wconf 80' lang='lat' dir='ltr'>Ioannem</span> <span class='ocrx_word' id='word_1_38' title='bbox 1335 748 1349 769; x_wconf 88' lang='lat'><em>,</em></span> <span class='ocrx_word' id='word_1_39' title='bbox 1405 708 1495 761; x_wconf 90' lang='lat' dir='ltr'>Io-</span> 
     </span>
     <span class='ocr_line' id='line_1_7' title="bbox 198 804 1493 874; baseline -0.006 -10"><span class='ocrx_word' id='word_1_40' title='bbox 198 829 355 866; x_wconf 77' lang='lat' dir='ltr'>annes</span> <span class='ocrx_word' id='word_1_41' title='bbox 398 826 517 859; x_wconf 84' lang='lat' dir='ltr'>vero</span> <span class='ocrx_word' id='word_1_42' title='bbox 543 807 723 858; x_wconf 84' lang='lat' dir='ltr'>Petrus</span> <span class='ocrx_word' id='word_1_43' title='bbox 766 808 821 858; x_wconf 87' lang='lat' dir='ltr'>in</span> <span class='ocrx_word' id='word_1_44' title='bbox 873 807 1081 857; x_wconf 74' lang='lat' dir='ltr'>Indiam</span> <span class='ocrx_word' id='word_1_45' title='bbox 1122 804 1380 874; x_wconf 83' lang='lat' dir='ltr'>proficisci</span> <span class='ocrx_word' id='word_1_46' title='bbox 1408 806 1493 856; x_wconf 85' lang='lat' dir='ltr'>in-</span> 
     </span>
     <span class='ocr_line' id='line_1_8' title="bbox 199 895 1495 958; baseline -0.007 -2"><span class='ocrx_word' id='word_1_47' title='bbox 199 920 275 958; x_wconf 90' lang='lat' dir='ltr'>ter</span> <span class='ocrx_word' id='word_1_48' title='bbox 301 902 349 953; x_wconf 89' lang='lat' dir='ltr'>se</span> <span class='ocrx_word' id='word_1_49' title='bbox 375 900 711 951; x_wconf 82' lang='lat' dir='ltr'>constituunt.</span> <span class='ocrx_word' id='word_1_50' title='bbox 772 899 997 950; x_wconf 81' lang='lat' dir='ltr'>Ioannes</span> <span class='ocrx_word' id='word_1_51' title='bbox 1041 912 1216 949; x_wconf 86' lang='lat' dir='ltr'><strong>autem</strong></span> <span class='ocrx_word' id='word_1_52' title='bbox 1251 895 1495 948; x_wconf 86' lang='lat' dir='ltr'>Callecu-</span> 
     </span>
     <span class='ocr_line' id='line_1_9' title="bbox 201 993 1495 1057; baseline -0.005 -7"><span class='ocrx_word' id='word_1_53' title='bbox 201 999 314 1057; x_wconf 79' lang='lat' dir='ltr'>tio,</span> <span class='ocrx_word' id='word_1_54' title='bbox 357 995 477 1048; x_wconf 84' lang='lat' dir='ltr'>Goa</span> <span class='ocrx_word' id='word_1_55' title='bbox 505 1034 519 1054; x_wconf 89' lang='lat'>‚</span> <span class='ocrx_word' id='word_1_56' title='bbox 587 1013 644 1047; x_wconf 88' lang='lat' dir='ltr'>ac</span> <span class='ocrx_word' id='word_1_57' title='bbox 695 1008 809 1046; x_wconf 84' lang='lat' dir='ltr'>toto</span> <span class='ocrx_word' id='word_1_58' title='bbox 873 994 1267 1046; x_wconf 80' lang='lat' dir='ltr'>Malabarorum</span> <span class='ocrx_word' id='word_1_59' title='bbox 1316 993 1495 1044; x_wconf 66' lang='lat' dir='ltr'>littore</span> 
     </span>
     <span class='ocr_line' id='line_1_10' title="bbox 202 1088 1493 1161; baseline -0.002 -21"><span class='ocrx_word' id='word_1_60' title='bbox 202 1089 537 1161; x_wconf 82' lang='lat' dir='ltr'>peruestigato</span> <span class='ocrx_word' id='word_1_61' title='bbox 569 1127 583 1147; x_wconf 94' lang='lat'><em>,</em></span> <span class='ocrx_word' id='word_1_62' title='bbox 611 1088 862 1140; x_wconf 88' lang='lat' dir='ltr'>Zofalarn</span> <span class='ocrx_word' id='word_1_63' title='bbox 891 1089 1175 1158; x_wconf 79' lang='lat' dir='ltr'>nauigauit.</span> <span class='ocrx_word' id='word_1_64' title='bbox 1221 1088 1350 1140; x_wconf 86' lang='lat' dir='ltr'>Inde</span> <span class='ocrx_word' id='word_1_65' title='bbox 1379 1107 1493 1138; x_wconf 85' lang='lat' dir='ltr'>rur-</span> 
     </span>
     <span class='ocr_line' id='line_1_11' title="bbox 205 1175 1497 1252; baseline -0.005 -15"><span class='ocrx_word' id='word_1_66' title='bbox 205 1175 287 1237; x_wconf 64' lang='lat' dir='ltr'>sus</span> <span class='ocrx_word' id='word_1_67' title='bbox 316 1184 549 1235; x_wconf 83' lang='lat' dir='ltr'>Adenam</span> <span class='ocrx_word' id='word_1_68' title='bbox 574 1222 587 1244; x_wconf 87' lang='lat'><em>,</em></span> <span class='ocrx_word' id='word_1_69' title='bbox 625 1183 745 1234; x_wconf 77' lang='lat' dir='ltr'>hinc</span> <span class='ocrx_word' id='word_1_70' title='bbox 787 1186 926 1235; x_wconf 59' lang='lat' dir='ltr'>rasta</span> <span class='ocrx_word' id='word_1_71' title='bbox 951 1182 1182 1252; x_wconf 79' lang='lat' dir='ltr'><strong>Cayrum</strong></span> <span class='ocrx_word' id='word_1_72' title='bbox 1234 1181 1497 1251; x_wconf 64' lang='lat' dir='ltr'>profezstus</span> 
     </span>
     <span class='ocr_line' id='line_1_12' title="bbox 206 1277 1494 1339; baseline -0.002 -9"><span class='ocrx_word' id='word_1_73' title='bbox 206 1279 275 1330; x_wconf 86' lang='lat' dir='ltr'>est</span> <span class='ocrx_word' id='word_1_74' title='bbox 305 1317 317 1339; x_wconf 87' lang='lat'>‚</span> <span class='ocrx_word' id='word_1_75' title='bbox 361 1294 414 1329; x_wconf 91' lang='lat' dir='ltr'>vt</span> <span class='ocrx_word' id='word_1_76' title='bbox 442 1278 603 1329; x_wconf 81' lang='lat' dir='ltr'>sodali</span> <span class='ocrx_word' id='word_1_77' title='bbox 632 1277 721 1329; x_wconf 91' lang='lat' dir='ltr'>suo</span> <span class='ocrx_word' id='word_1_78' title='bbox 742 1280 954 1330; x_wconf 81' lang='lat' dir='ltr'>inuento</span> <span class='ocrx_word' id='word_1_79' title='bbox 999 1280 1054 1328; x_wconf 84' lang='lat' dir='ltr'>in</span> <span class='ocrx_word' id='word_1_80' title='bbox 1084 1278 1402 1329; x_wconf 79' lang='lat' dir='ltr'>Lusitaniam</span> <span class='ocrx_word' id='word_1_81' title='bbox 1429 1280 1494 1328; x_wconf 79' lang='lat' dir='ltr'>ad</span> 
     </span>
     <span class='ocr_line' id='line_1_13' title="bbox 210 1372 1502 1444; baseline 0.001 -20"><span class='ocrx_word' id='word_1_82' title='bbox 210 1372 411 1442; x_wconf 83' lang='lat' dir='ltr'><strong>Regem</strong></span> <span class='ocrx_word' id='word_1_83' title='bbox 472 1373 739 1436; x_wconf 64' lang='lat' dir='ltr'><strong>redirenk;</strong></span> <span class='ocrx_word' id='word_1_84' title='bbox 799 1373 1104 1444; x_wconf 73' lang='lat' dir='ltr'>(statuerant</span> <span class='ocrx_word' id='word_1_85' title='bbox 1151 1375 1293 1425; x_wconf 82' lang='lat' dir='ltr'><strong>enim</strong></span> <span class='ocrx_word' id='word_1_86' title='bbox 1326 1413 1338 1434; x_wconf 87' lang='lat'>‚</span> <span class='ocrx_word' id='word_1_87' title='bbox 1381 1391 1502 1425; x_wconf 82' lang='lat' dir='ltr'>cum</span> 
     </span>
     <span class='ocr_line' id='line_1_14' title="bbox 211 1468 1496 1538; baseline -0.001 -17"><span class='ocrx_word' id='word_1_88' title='bbox 211 1469 393 1523; x_wconf 79' lang='lat' dir='ltr'>Adena</span> <span class='ocrx_word' id='word_1_89' title='bbox 413 1468 725 1520; x_wconf 80' lang='lat' dir='ltr'>disceffiffent</span> <span class='ocrx_word' id='word_1_90' title='bbox 753 1508 765 1528; x_wconf 92' lang='lat'><em>,</em></span> <span class='ocrx_word' id='word_1_91' title='bbox 792 1483 930 1520; x_wconf 80' lang='lat' dir='ltr'><strong>certo</strong></span> <span class='ocrx_word' id='word_1_92' title='bbox 965 1471 1189 1537; x_wconf 80' lang='lat' dir='ltr'>quodam</span> <span class='ocrx_word' id='word_1_93' title='bbox 1215 1482 1455 1538; x_wconf 80' lang='lat' dir='ltr'><strong>tempore</strong></span> <span class='ocrx_word' id='word_1_94' title='bbox 1483 1507 1496 1527; x_wconf 83' lang='lat'><strong>.</strong></span> 
     </span>
    </p>
   </div>
   <div class='ocr_carea' id='block_1_3' title="bbox 210 1559 1510 1710">
    <p class='ocr_par' dir='ltr' id='par_1_3' title="bbox 210 1559 1510 1710">
     <span class='ocr_line' id='line_1_15' title="bbox 210 1559 1508 1630; baseline -0.002 -17"><span class='ocrx_word' id='word_1_95' title='bbox 210 1562 273 1614; x_wconf 87' lang='lat' dir='ltr'>ad</span> <span class='ocrx_word' id='word_1_96' title='bbox 312 1562 533 1612; x_wconf 84' lang='lat' dir='ltr'>eundem</span> <span class='ocrx_word' id='word_1_97' title='bbox 582 1559 740 1630; x_wconf 83' lang='lat' dir='ltr'>Cayri</span> <span class='ocrx_word' id='word_1_98' title='bbox 791 1562 966 1611; x_wconf 83' lang='lat' dir='ltr'>locum</span> <span class='ocrx_word' id='word_1_99' title='bbox 1011 1561 1351 1626; x_wconf 72' lang='lat' dir='ltr'><strong>conuenire)</strong></span> <span class='ocrx_word' id='word_1_100' title='bbox 1405 1579 1508 1629; x_wconf 81' lang='lat' dir='ltr'>quo</span> 
     </span>
     <span class='ocr_line' id='line_1_16' title="bbox 214 1650 1510 1710; baseline -0.002 -8"><span class='ocrx_word' id='word_1_101' title='bbox 214 1667 334 1702; x_wconf 91' lang='lat' dir='ltr'>cum</span> <span class='ocrx_word' id='word_1_102' title='bbox 382 1663 717 1702; x_wconf 82' lang='lat' dir='ltr'>reuerteretur</span> <span class='ocrx_word' id='word_1_103' title='bbox 747 1689 759 1710; x_wconf 94' lang='lat'><strong>,</strong></span> <span class='ocrx_word' id='word_1_104' title='bbox 800 1653 1048 1702; x_wconf 80' lang='lat' dir='ltr'>aduobus</span> <span class='ocrx_word' id='word_1_105' title='bbox 1073 1651 1263 1702; x_wconf 77' lang='lat' dir='ltr'>Iudaeis</span> <span class='ocrx_word' id='word_1_106' title='bbox 1303 1650 1510 1702; x_wconf 72' lang='lat' dir='ltr'>Lusita-</span> 
     </span>
    </p>
   </div>
   <div class='ocr_carea' id='block_1_4' title="bbox 213 1746 1511 1908">
    <p class='ocr_par' dir='ltr' id='par_1_4' title="bbox 213 1746 1511 1908">
     <span class='ocr_line' id='line_1_17' title="bbox 213 1746 1511 1815; baseline -0.001 -18"><span class='ocrx_word' id='word_1_107' title='bbox 213 1749 294 1798; x_wconf 81' lang='lat' dir='ltr'>nis</span> <span class='ocrx_word' id='word_1_108' title='bbox 324 1784 339 1806; x_wconf 91' lang='lat'>,</span> <span class='ocrx_word' id='word_1_109' title='bbox 374 1765 594 1815; x_wconf 86' lang='lat' dir='ltr'>quorum</span> <span class='ocrx_word' id='word_1_110' title='bbox 616 1747 742 1797; x_wconf 80' lang='lat' dir='ltr'>alter</span> <span class='ocrx_word' id='word_1_111' title='bbox 793 1746 963 1798; x_wconf 83' lang='lat' dir='ltr'>Rabbi</span> <span class='ocrx_word' id='word_1_112' title='bbox 991 1746 1260 1797; x_wconf 71' lang='lat' dir='ltr'>Abraham</span> <span class='ocrx_word' id='word_1_113' title='bbox 1288 1747 1511 1797; x_wconf 80' lang='lat' dir='ltr'>vocaba-</span> 
     </span>
     <span class='ocr_line' id='line_1_18' title="bbox 215 1837 1509 1908; baseline -0.002 -21"><span class='ocrx_word' id='word_1_114' title='bbox 215 1850 299 1887; x_wconf 90' lang='lat' dir='ltr'>tur</span> <span class='ocrx_word' id='word_1_115' title='bbox 326 1874 339 1895; x_wconf 89' lang='lat'><em>,</em></span> <span class='ocrx_word' id='word_1_116' title='bbox 400 1837 621 1889; x_wconf 85' lang='lat' dir='ltr'>Beienfis</span> <span class='ocrx_word' id='word_1_117' title='bbox 659 1876 673 1896; x_wconf 89' lang='lat'><em>,</em></span> <span class='ocrx_word' id='word_1_118' title='bbox 716 1838 843 1888; x_wconf 86' lang='lat' dir='ltr'>alter</span> <span class='ocrx_word' id='word_1_119' title='bbox 909 1837 1098 1908; x_wconf 84' lang='lat' dir='ltr'><strong>Ioseph</strong></span> <span class='ocrx_word' id='word_1_120' title='bbox 1138 1837 1465 1889; x_wconf 78' lang='lat' dir='ltr'><strong>Lamecenfis</strong></span> <span class='ocrx_word' id='word_1_121' title='bbox 1497 1872 1509 1892; x_wconf 89' lang='lat'>,</span> 
     </span>
    </p>
   </div>
   <div class='ocr_carea' id='block_1_5' title="bbox 218 1931 1516 2168">
    <p class='ocr_par' dir='ltr' id='par_1_5' title="bbox 218 1931 1516 2168">
     <span class='ocr_line' id='line_1_19' title="bbox 218 1931 1512 2002; baseline -0.003 -19"><span class='ocrx_word' id='word_1_122' title='bbox 218 1932 410 1983; x_wconf 83' lang='lat' dir='ltr'>litteras</span> <span class='ocrx_word' id='word_1_123' title='bbox 435 1933 594 2002; x_wconf 83' lang='lat' dir='ltr'>Regis</span> <span class='ocrx_word' id='word_1_124' title='bbox 623 1933 834 1984; x_wconf 80' lang='lat' dir='ltr'>Ioannis</span> <span class='ocrx_word' id='word_1_125' title='bbox 857 1935 1053 2001; x_wconf 78' lang='lat' dir='ltr'>accepit</span> <span class='ocrx_word' id='word_1_126' title='bbox 1085 1971 1098 1992; x_wconf 91' lang='lat'>‚</span> <span class='ocrx_word' id='word_1_127' title='bbox 1142 1935 1203 1982; x_wconf 87' lang='lat' dir='ltr'>ab</span> <span class='ocrx_word' id='word_1_128' title='bbox 1227 1931 1396 2000; x_wconf 75' lang='lat' dir='ltr'>eisque</span> <span class='ocrx_word' id='word_1_129' title='bbox 1428 1932 1512 1980; x_wconf 82' lang='lat' dir='ltr'>in-</span> 
     </span>
     <span class='ocr_line' id='line_1_20' title="bbox 221 2021 1512 2092; baseline -0.007 -13"><span class='ocrx_word' id='word_1_130' title='bbox 221 2025 464 2084; x_wconf 78' lang='lat' dir='ltr'>tellexit,</span> <span class='ocrx_word' id='word_1_131' title='bbox 526 2023 777 2092; x_wconf 80' lang='lat' dir='ltr'>collegam</span> <span class='ocrx_word' id='word_1_132' title='bbox 829 2023 976 2073; x_wconf 85' lang='lat' dir='ltr'><strong>suum</strong></span> <span class='ocrx_word' id='word_1_133' title='bbox 1038 2022 1321 2073; x_wconf 78' lang='lat' dir='ltr'><strong>Alfonsum</strong></span> <span class='ocrx_word' id='word_1_134' title='bbox 1382 2021 1512 2071; x_wconf 72' lang='lat' dir='ltr'>inibi</span> 
     </span>
     <span class='ocr_line' id='line_1_21' title="bbox 220 2113 1516 2168; baseline -0.005 -1"><span class='ocrx_word' id='word_1_135' title='bbox 220 2115 385 2168; x_wconf 83' lang='lat' dir='ltr'><strong>vitam</strong></span> <span class='ocrx_word' id='word_1_136' title='bbox 453 2127 619 2163; x_wconf 81' lang='lat' dir='ltr'>morte</span> <span class='ocrx_word' id='word_1_137' title='bbox 695 2114 1043 2165; x_wconf 68' lang='lat' dir='ltr'>commutasse.</span> <span class='ocrx_word' id='word_1_138' title='bbox 1096 2113 1289 2164; x_wconf 83' lang='lat' dir='ltr'><strong>Iisdem</strong></span> <span class='ocrx_word' id='word_1_139' title='bbox 1330 2113 1516 2162; x_wconf 77' lang='lat' dir='ltr'>litteris</span> 
     </span>
    </p>
   </div>
   <div class='ocr_carea' id='block_1_6' title="bbox 222 2205 1519 2660">
    <p class='ocr_par' dir='ltr' id='par_1_6' title="bbox 222 2205 1519 2660">
     <span class='ocr_line' id='line_1_22' title="bbox 222 2205 1508 2279; baseline -0.003 -20"><span class='ocrx_word' id='word_1_140' title='bbox 222 2220 539 2279; x_wconf 80' lang='lat' dir='ltr'><strong>praeceptum</strong></span> <span class='ocrx_word' id='word_1_141' title='bbox 582 2220 687 2258; x_wconf 85' lang='lat' dir='ltr'>erat</span> <span class='ocrx_word' id='word_1_142' title='bbox 712 2227 776 2259; x_wconf 83' lang='lat' dir='ltr'>ne</span> <span class='ocrx_word' id='word_1_143' title='bbox 803 2210 855 2260; x_wconf 88' lang='lat' dir='ltr'>in</span> <span class='ocrx_word' id='word_1_144' title='bbox 881 2211 1100 2277; x_wconf 77' lang='lat' dir='ltr'>patriam</span> <span class='ocrx_word' id='word_1_145' title='bbox 1128 2210 1395 2279; x_wconf 49' lang='lat' dir='ltr'>redirent,</span> <span class='ocrx_word' id='word_1_146' title='bbox 1426 2205 1508 2255; x_wconf 75' lang='lat' dir='ltr'>ni-</span> 
     </span>
     <span class='ocr_line' id='line_1_23' title="bbox 227 2300 1519 2373; baseline -0.005 -18"><span class='ocrx_word' id='word_1_147' title='bbox 227 2303 265 2355; x_wconf 87' lang='lat' dir='ltr'><strong>fi</strong></span> <span class='ocrx_word' id='word_1_148' title='bbox 293 2300 590 2354; x_wconf 87' lang='lat' dir='ltr'>Oromuzia</span> <span class='ocrx_word' id='word_1_149' title='bbox 614 2304 904 2373; x_wconf 83' lang='lat' dir='ltr'>perlustrata</span> <span class='ocrx_word' id='word_1_150' title='bbox 931 2341 946 2362; x_wconf 91' lang='lat'><em>,</em></span> <span class='ocrx_word' id='word_1_151' title='bbox 997 2322 1054 2355; x_wconf 85' lang='lat' dir='ltr'>ac</span> <span class='ocrx_word' id='word_1_152' title='bbox 1095 2301 1331 2355; x_wconf 75' lang='lat' dir='ltr'>Precioso</span> <span class='ocrx_word' id='word_1_153' title='bbox 1361 2300 1519 2351; x_wconf 67' lang='lat' dir='ltr'>Ioan-</span> 
     </span>
     <span class='ocr_line' id='line_1_24' title="bbox 228 2399 1518 2459; baseline -0.005 -8"><span class='ocrx_word' id='word_1_154' title='bbox 228 2417 292 2451; x_wconf 85' lang='lat' dir='ltr'>ne</span> <span class='ocrx_word' id='word_1_155' title='bbox 317 2399 535 2451; x_wconf 80' lang='lat' dir='ltr'>salutato</span> <span class='ocrx_word' id='word_1_156' title='bbox 565 2438 579 2459; x_wconf 92' lang='lat'>,</span> <span class='ocrx_word' id='word_1_157' title='bbox 626 2402 686 2450; x_wconf 88' lang='lat' dir='ltr'>de</span> <span class='ocrx_word' id='word_1_158' title='bbox 734 2402 880 2452; x_wconf 86' lang='lat' dir='ltr'>cuius</span> <span class='ocrx_word' id='word_1_159' title='bbox 907 2401 1033 2452; x_wconf 84' lang='lat' dir='ltr'>statu</span> <span class='ocrx_word' id='word_1_160' title='bbox 1079 2401 1192 2452; x_wconf 67' lang='lat' dir='ltr'>Rex</span> <span class='ocrx_word' id='word_1_161' title='bbox 1229 2399 1518 2451; x_wconf 72' lang='lat' dir='ltr'>auidiffime</span> 
     </span>
     <span class='ocr_line' id='line_1_25' title="bbox 229 2493 1518 2564; baseline -0.001 -21"><span class='ocrx_word' id='word_1_162' title='bbox 229 2494 468 2562; x_wconf 84' lang='lat' dir='ltr'>cupiebat</span> <span class='ocrx_word' id='word_1_163' title='bbox 498 2495 680 2545; x_wconf 88' lang='lat' dir='ltr'>certior</span> <span class='ocrx_word' id='word_1_164' title='bbox 727 2495 857 2547; x_wconf 79' lang='lat' dir='ltr'>fieri.</span> <span class='ocrx_word' id='word_1_165' title='bbox 904 2495 1024 2564; x_wconf 71' lang='lat' dir='ltr'>Qxa</span> <span class='ocrx_word' id='word_1_166' title='bbox 1075 2496 1135 2545; x_wconf 83' lang='lat' dir='ltr'>de</span> <span class='ocrx_word' id='word_1_167' title='bbox 1181 2495 1326 2546; x_wconf 75' lang='lat' dir='ltr'>causa</span> <span class='ocrx_word' id='word_1_168' title='bbox 1357 2493 1518 2544; x_wconf 65' lang='lat' dir='ltr'>Ioan-</span> 
     </span>
     <span class='ocr_line' id='line_1_26' title="bbox 230 2586 1519 2660; baseline -0.002 -22"><span class='ocrx_word' id='word_1_169' title='bbox 230 2604 320 2638; x_wconf 82' lang='lat' dir='ltr'>nes</span> <span class='ocrx_word' id='word_1_170' title='bbox 346 2586 525 2639; x_wconf 86' lang='lat' dir='ltr'>Petrus</span> <span class='ocrx_word' id='word_1_171' title='bbox 548 2589 785 2658; x_wconf 82' lang='lat' dir='ltr'>ignorans</span> <span class='ocrx_word' id='word_1_172' title='bbox 813 2629 827 2651; x_wconf 88' lang='lat'><em>,</em></span> <span class='ocrx_word' id='word_1_173' title='bbox 851 2586 963 2660; x_wconf 73' lang='lat' dir='ltr'>quae</span> <span class='ocrx_word' id='word_1_174' title='bbox 992 2588 1238 2641; x_wconf 80' lang='lat' dir='ltr'>Alfonsus</span> <span class='ocrx_word' id='word_1_175' title='bbox 1273 2591 1381 2640; x_wconf 71' lang='lat' dir='ltr'>eius</span> <span class='ocrx_word' id='word_1_176' title='bbox 1409 2589 1519 2636; x_wconf 83' lang='lat' dir='ltr'>col-</span> 
     </span>
    </p>
   </div>
   <div class='ocr_carea' id='block_1_7' title="bbox 231 2681 1519 2802">
    <p class='ocr_par' dir='ltr' id='par_1_7' title="bbox 231 2681 1519 2802">
     <span class='ocr_line' id='line_1_27' title="bbox 231 2681 1519 2802; baseline -0.014 -56"><span class='ocrx_word' id='word_1_177' title='bbox 231 2681 363 2755; x_wconf 66' lang='lat' dir='ltr'>lega,</span> <span class='ocrx_word' id='word_1_178' title='bbox 395 2682 519 2736; x_wconf 86' lang='lat' dir='ltr'>dum</span> <span class='ocrx_word' id='word_1_179' title='bbox 544 2683 736 2737; x_wconf 83' lang='lat' dir='ltr'>viueret</span> <span class='ocrx_word' id='word_1_180' title='bbox 754 2723 769 2748; x_wconf 92' lang='lat'>‚</span> <span class='ocrx_word' id='word_1_181' title='bbox 797 2683 1001 2756; x_wconf 70' lang='lat' dir='ltr'>gesserat</span> <span class='ocrx_word' id='word_1_182' title='bbox 1019 2721 1031 2743; x_wconf 82' lang='lat'><strong><em>,</em></strong></span> <span class='ocrx_word' id='word_1_183' title='bbox 1059 2683 1253 2736; x_wconf 82' lang='lat' dir='ltr'>iterum</span> <span class='ocrx_word' id='word_1_184' title='bbox 1282 2681 1519 2802; x_wconf 59' lang='grc' dir='ltr'>ΑάΒεῃζηῑ</span> 
     </span>
     <span class='ocr_line' id='line_1_28' title="bbox 1397 2767 1486 2800; baseline -0.011 -10"><span class='ocrx_word' id='word_1_185' title='bbox 1397 2767 1422 2800; x_wconf 60' lang='lat' dir='ltr'>a</span> <span class='ocrx_word' id='word_1_186' title='bbox 1464 2779 1486 2789; x_wconf 66' lang='grc' dir='ltr'><strong><em>ο</em></strong></span> 
     </span>
    </p>
   </div>
  </div>
 </body>
</html>
