1931 3239
480 271 489 297 1
545 273 588 310 n
619 275 642 310 1
675 273 700 307 s
723 272 756 307 P
784 272 822 306 A
852 269 889 306 N
922 269 941 306 1
967 269 1007 304 A
1296 254 1369 326 63

333 419 757 533 Hispaniae
791 412 917 498 M
904 447 948 505 a
946 436 1237 531 gnates.

169 644 280 772 E
314 631 371 684 T
400 633 625 703 primurn
653 631 713 681 de
736 629 903 699 regnis
932 627 1186 688 Castellae,
1220 626 1413 697 Legio-

315 722 393 774 nis
419 763 433 784 ,
472 721 746 792 Aragoniae
775 759 790 780 ,
813 720 1082 778 Nauarrae,
1111 718 1357 771 Granatae
1385 754 1400 775 ,

165 806 450 876 Valentiae,
478 815 683 876 Toleti‚
707 812 939 867 Gallitiae
961 852 977 875 ‚
1007 813 1245 872 Murtiae,
1275 809 1411 865 Cor-

153 900 322 956 dubae.

154 1040 229 1123 P
260 1067 464 1138 Rinceps
502 1069 829 1140 Asturiarum.

152 1158 278 1214 Dux
319 1163 374 1210 de
410 1163 618 1231 Arsona.

157 1252 466 1325 Comqstabilis
508 1256 728 1325 Cqstellae
750 1295 765 1317 ‚
795 1258 919 1309 Dux
950 1257 1160 1329 Frietgfis
1189 1293 1204 1316 ,
1225 1255 1412 1326 primus

258 1345 410 1412 Regis
448 1346 793 1400 cubicularius.

150 1430 538 1504 Archithalaffus
586 1437 841 1506 Castellum
873 1439 930 1488 &³
957 1438 1216 1489 Granatae
1242 1473 1256 1494 ,
1299 1437 1411 1486 vul-

250 1546 311 1595 go
354 1526 633 1579 Amiraldus
658 1567 674 1590 ‚
725 1532 782 1582 &5
831 1530 956 1585 Dux
998 1531 1055 1580 de
1098 1527 1306 1582 Medina
1355 1528 1412 1578 de

258 1621 353 1671 Rio
380 1623 546 1691 Sequa.

146 1710 272 1764 Dux
307 1714 363 1762 de
398 1713 573 1770 Beiar.

149 1803 274 1855 Dux
311 1807 365 1856 de
402 1807 622 1863 Scalona.

156 1897 274 1949 Dux
310 1901 364 1948 de
399 1901 606 1953 Medina
645 1908 782 1958 caeli.

149 1991 275 2043 Dux
312 1993 367 2040 cle
405 1994 612 2045 Medina
664 1999 904 2050 Sidoniae.

152 2087 277 2138 Dux
313 2089 368 2137 de
406 2089 572 2141 Areos.

147 2179 387 2237 Duxdel
421 2179 731 2251 Infantazgo.

146 2274 273 2327 Dux
308 2276 364 2324 de
400 2273 548 2328 Alua-

146 2364 271 2416 Dux
307 2366 362 2414 de
399 2363 618 2418 Naiara.

148 2482 273 2533 Dux
309 2481 365 2528 de
402 2479 671 2548 Maqueda.

147 2574 272 2625 Dux
309 2575 364 2622 de
402 2571 749 2642 Albaquerque.

145 2667 271 2721 Dux
306 2670 361 2722 de
400 2669 618 2723 Cardena
644 2709 659 2732 ,
703 2667 1016 2740 Comfstabilis
1052 2666 1343 2736 Aragom'ae.

1308 2757 1431 2809 Dux
