1931 3239
253 242 332 280 DE
375 230 566 277 REBVS‘
606 235 681 271 ET
725 235 985 272 IMPERIO
1019 235 1213 275 LVSIT.
1332 239 1422 295 157

182 367 312 417 quos
333 346 431 395 fiue
473 357 537 390 ex
563 338 932 390 foederatorum
971 358 1154 409 genere
1183 340 1278 390 sint
1316 379 1328 399 ‚
1355 343 1459 394 fiue

185 457 251 490 ex
278 444 490 487 numero
534 431 924 489 dedititiorum,
972 432 1034 480 ab
1063 430 1335 481 Herculeis
1377 449 1465 482 co-

184 529 375 582 lumnis
400 526 554 594 vsque
606 526 668 576 ad
709 524 938 576 Chinam
973 563 986 583 ,
1030 526 1081 576 &
1111 525 1337 594 Lequios
1367 541 1459 591 per

183 640 366 675 omnes
391 617 683 691 prouincias
724 619 1011 668 maritimas
1042 658 1054 677 ‚
1099 619 1249 669 nobis
1277 615 1463 666 autbo-

183 713 324 764 ribus
354 751 368 773 ‚
409 713 532 763 fides
577 709 767 762 Christi
799 712 1081 761 celebratur
1108 750 1121 770 ,
1155 712 1225 761 ita
1260 723 1432 761 tamen
1454 750 1468 770 ,

184 822 239 859 vt
258 807 380 858 alibi
402 806 453 856 id
469 805 619 856 liceat
641 804 915 873 colloquiis
936 807 985 855 &
1008 804 1349 862 sermonibus,
1373 804 1466 854 ali-

187 900 239 950 bi
280 899 504 967 publicis
530 897 866 948 concionibus
898 936 912 957 ‚
959 897 1221 947 nonnullis
1251 896 1305 946 in
1342 898 1471 949 locis

197 997 368 1064 phana
395 1012 596 1062 quoque
620 1031 634 1052 ,
680 994 730 1043 δε
756 994 948 1063 templa
976 994 1211 1062 religioni
1245 990 1470 1045 Christi-

188 1102 301 1137 anae
331 1086 646 1136 dedicentur.
687 1083 850 1135 Nunc
920 1098 1053 1135 certe
1081 1084 1129 1134 in
1157 1106 1327 1136 omnem
1378 1098 1479 1137 ter-

197 1199 301 1231 ram
327 1180 477 1230 exiuit
526 1199 639 1230 onus
669 1218 681 1238 ‚
731 1184 785 1232 &⁸
839 1200 886 1229 tn
908 1182 1025 1248 fines
1054 1180 1177 1230 orbis
1197 1192 1341 1230 terrae
1366 1201 1480 1231 ver-

197 1273 258 1324 ba
286 1293 444 1324 eorum
472 1311 484 1331 ‚
519 1274 567 1323 &
626 1274 732 1343 spes
762 1273 829 1323 est
855 1272 1056 1342 longius
1079 1273 1255 1322 sensim
1284 1273 1344 1322 ad
1373 1289 1480 1321 me-

195 1367 476 1419 diterranea
534 1368 687 1418 fidem
730 1366 916 1418 Christi
971 1380 1306 1436 propagatum
1365 1365 1461 1422 iri,

198 1465 247 1515 &
275 1460 479 1514 Christo
506 1462 701 1514 fautore
725 1501 738 1521 ,
785 1463 835 1513 δε
914 1460 1197 1512 nostrorum
1242 1460 1485 1530 praedica-

212 1560 373 1609 tione.

305 1647 555 1715 QJIBVS
599 1649 746 1699 rebus
801 1647 1042 1698 omnibus
1118 1643 1441 1696 consideratis
1472 1682 1486 1704 ,

203 1741 253 1791 &
279 1739 416 1807 quod
442 1739 557 1791 Rex
585 1738 748 1790 noster
781 1757 809 1789 a
829 1736 1089 1807 principio
1118 1735 1475 1803 nauigationes

202 1828 390 1879 nostras
412 1826 465 1877 in
493 1828 699 1880 Indiam
744 1842 955 1899 cogatur
1008 1841 1253 1896 perpetuo
1306 1825 1435 1876 alere
1463 1865 1476 1884 ‚

210 1932 321 1970 tam
361 1919 415 1969 in
442 1919 765 1972 Mauritania
793 1958 808 1981 ,
849 1937 1000 1988 quam
1048 1919 1101 1967 in
1130 1916 1245 1983 ipfis
1277 1915 1441 1966 Indiis
1465 1952 1480 1973 ‚

206 2015 336 2065 &in
361 2015 474 2066 aliis
517 2033 721 2085 quoque
756 2013 1037 2083 prouinciis
1128 2010 1441 2061 ordinarium
1474 2050 1487 2071 ,

209 2104 260 2155 &
286 2115 589 2172 perpetuum
611 2103 897 2154 exercitum
949 2097 1133 2167 viginti
1160 2096 1320 2146 ferme
1364 2096 1486 2146 mil-

209 2192 342 2243 lium
387 2194 617 2245 militum
639 2231 654 2255 ,
687 2210 815 2263 quos
847 2189 1080 2259 sumptus
1122 2185 1413 2238 domesticis
1430 2205 1489 2237 o-

226 2287 377 2357 pibus
419 2289 600 2341 tolerat
623 2327 638 2348 ,
679 2287 833 2338 nullis
872 2286 935 2335 ad
978 2284 1075 2334 hoc
1102 2284 1164 2334 ab
1196 2281 1380 2333 amicis
1403 2296 1495 2328 au-

215 2376 357 2427 xiliis
407 2380 685 2450 corrogatis
712 2414 724 2436 ,
766 2377 843 2427 his
913 2373 1076 2443 adjice
1113 2373 1313 2424 claffem
1365 2368 1502 2439 plus-

215 2489 374 2544 quam
424 2481 767 2520 trecentarum
808 2468 981 2519 omnis
1007 2469 1208 2537 generis
1236 2469 1448 2519 nauium
1480 2504 1493 2524 ,

218 2585 344 2638 quas
368 2581 632 2632 nunquam
658 2562 846 2614 otiosas
870 2600 883 2622 ‚
934 2561 1016 2613 sed
1042 2562 1096 2612 in
1122 2564 1381 2633 perpetuis
1407 2578 1501 2611 ex-

216 2659 570 2732 peditionibus
609 2671 886 2729 occupatas
931 2657 1126 2725 habet3
1164 2674 1216 2713 vt
1265 2661 1373 2728 jam
1401 2673 1505 2706 non

1351 2767 1475 2801 enu-
