1931 3239
259 265 430 304 FIDES
461 255 712 297 RELIGIO
741 253 1019 302 MORESQ
1046 254 1345 292 AETHIOP.
1391 258 1491 313 233

196 385 385 439 magno
420 380 537 414 cum
566 362 816 413 miraculo
849 399 861 420 ‚
893 360 941 410 &
969 376 1156 409 arcano
1206 359 1326 426 igne
1355 361 1493 409 diui-

197 453 368 508 nitatis
405 450 568 501 afflata
596 487 609 509 ,
635 449 736 501 fine
765 449 1006 519 sanguine
1032 448 1082 497 δε
1108 446 1372 496 doloribus
1403 466 1495 514 pe-

192 546 324 616 perit
360 544 526 595 filium
570 542 716 594 suurn
747 543 946 595 112va
981 540 1323 592 CHRISTVM
1359 581 1372 602 ,
1405 544 1495 611 qui

193 637 350 687 homo
402 638 648 689 innocens
675 676 689 698 ,
726 639 777 688 &
826 635 927 686 fine
965 647 1178 704 peccato
1233 633 1333 684 fuit
1369 673 1382 694 ,
1444 637 1494 687 &

193 735 451 805 perfeehls
482 732 626 784 Deus
657 769 670 789 ,
712 731 762 781 &
801 729 1059 798 perse&us
1087 728 1246 777 homo
1280 765 1292 786 ‚
1334 745 1498 778 vnum

194 825 518 879 solummodo
545 825 735 873 habens
761 821 1044 890 aspeRum.
1093 821 1342 872 Adoleuit
1384 821 1497 871 sen-

192 919 283 970 sim
319 932 372 969 vt
415 917 584 968 infans
617 954 629 975 ,
677 913 856 984 sugens
899 915 975 964 lac
1021 913 1210 965 Mariae
1258 913 1494 983 Virginis

193 1012 377 1063 matris
420 1010 516 1060 suae
544 1047 558 1066 ,
613 1009 662 1058 &
709 1025 829 1057 cum
874 1007 1112 1076 attigisset
1161 1007 1496 1076 trigeffimum

193 1120 429 1158 annum,
485 1099 762 1166 baptisatus
817 1098 883 1148 est
934 1100 984 1148 in
1042 1097 1281 1149 Iordane.
1348 1098 1415 1150 Et
1445 1115 1498 1151 vt

195 1194 363 1244 caeteri
391 1192 626 1242 homines
670 1191 953 1246 ambulauit
986 1230 998 1250 ,
1052 1191 1253 1260 fuitque
1303 1192 1449 1244 laffus
1488 1233 1499 1254 ,

197 1288 394 1339 sudauit
426 1327 438 1347 ‚
487 1288 694 1338 esuriuit
724 1327 737 1346 ‚
809 1289 856 1338 δε
905 1287 1079 1339 sitiuit.
1125 1286 1258 1339 Haec
1322 1289 1498 1340 omnia

198 1388 362 1457 passus
388 1385 454 1435 est
506 1384 682 1452 sponte
713 1421 724 1442 ,
773 1384 821 1434 &
868 1382 1153 1432 voluntarie
1185 1423 1198 1443 ,
1245 1384 1499 1453 plurima-

198 1498 296 1548 que
324 1478 444 1529 fecit
473 1478 739 1528 miracula.
786 1476 957 1544 Atque
1007 1493 1094 1545 per
1122 1474 1260 1526 suam
1290 1479 1494 1530 diuini-

193 1582 353 1619 tatem
405 1568 554 1618 caecis
582 1566 742 1617 visum
782 1568 995 1618 restituit
1026 1607 1038 1627 ,
1091 1570 1299 1620 claudos
1350 1571 1494 1622 sana·

193 1663 272 1712 uit
303 1700 316 1721 ,
345 1661 569 1729 leprosos
609 1664 880 1715 mundauit
912 1701 925 1721 ,
965 1665 1294 1731 mortuosque
1342 1665 1498 1719 susei-
1532 1673 1537 1675 “

196 1752 325 1801 tauit
355 1789 368 1810 ‚
407 1752 610 1822 ipseque
639 1756 891 1826 postremo
936 1760 1111 1809 volens
1162 1772 1341 1828 captus
1380 1757 1451 1807 est
1491 1796 1504 1816 ,

198 1844 245 1893 &
296 1844 573 1912 flagellatus
618 1886 630 1906 ,
683 1868 740 1899 ac
791 1852 1019 1921 colaphis
1064 1855 1355 1903 verberatus
1388 1889 1400 1909 ,
1448 1852 1498 1900 δε

199 1939 478 1989 crucifixus
510 1978 523 1999 ,
561 1942 827 2012 &languit
862 1984 875 2005 ‚
915 1949 964 1997 ἃ·
991 1963 1222 1998 mortuus
1263 1948 1329 1998 est
1378 1965 1499 2015 pro-

202 2042 315 2095 pter
340 2044 545 2098 peccata
573 2032 735 2084 nostra
766 2073 780 2094 ,
825 2038 874 2086 <36
903 2037 987 2088 sua
1015 2053 1179 2090 morte
1205 2040 1328 2090 vicit
1358 2056 1499 2088 mor-

196 2134 303 2171 tem
337 2159 349 2180 ,
382 2139 438 2170 ac
480 2123 740 2176 diabolum
772 2165 785 2186 ,
830 2128 879 2177 &
909 2128 992 2179 sua
1036 2122 1152 2180 viua
1195 2134 1498 2203 aegritudine

192 2215 419 2266 difloluit
440 2231 645 2283 peccata
670 2219 831 2272 nostra
854 2262 867 2282 ,
920 2225 969 2274 δε
995 2225 1263 2294 languores
1301 2230 1497 2281 nostros

200 2306 360 2365 tulit,
396 2307 446 2357 δε
495 2309 748 2378 baptismo
798 2313 1052 2384 sanguinis
1096 2317 1210 2377 sui,
1271 2321 1357 2388 qui
1414 2323 1503 2372 ba-

199 2404 414 2475 ptismus
445 2424 585 2458 mors
615 2409 722 2460 eius
763 2410 861 2461 fuit
891 2450 906 2473 ‚
948 2414 1219 2484 baptisauit
1273 2418 1503 2470 patriar-

199 2499 316 2552 chas
343 2503 392 2553 &
418 2503 695 2572 Prophetas
732 2545 746 2566 ,
770 2508 1129 2580 descenditque
1158 2515 1218 2564 ad
1262 2514 1458 2565 inferos
1489 2554 1502 2573 ,

199 2596 283 2647 vbi
311 2611 414 2648 erat
441 2600 611 2651 anima
652 2601 778 2653 Adae
812 2642 825 2663 ‚
864 2606 912 2656 &
963 2607 1072 2657 eius
1099 2609 1324 2660 filiorum
1361 2647 1371 2665 ,
1420 2626 1500 2659 :it-

196 2709 297 2762 que
322 2693 493 2747 anima
522 2694 675 2766 ipsius
703 2694 969 2752 CHRISTI
1005 2739 1018 2760 ,
1065 2721 1176 2769 quae
1224 2703 1289 2753 est
1337 2703 1397 2750 ab
1426 2699 1499 2750 A..

754 2788 803 2841 R
842 2805 871 2842 2
1345 2795 1468 2845 dam-
