1998 3256
560 220 625 275 26
915 240 1196 279 DAMtANr
1247 244 1287 280 A
1337 245 1483 282 Gors

562 343 837 397 Vestalium
864 348 1117 416 tempium
1141 387 1154 408 ,
1184 350 1265 399 cui
1296 349 1449 401 Diuae
1479 349 1661 403 Mariae
1696 353 1804 425 spei

556 453 743 489 nornen
778 435 845 486 est
873 473 888 494 ,
931 455 1017 504 per
1065 440 1255 491 cliuum
1284 439 1461 491 sensim
1487 443 1763 510 depressum
1789 483 1807 507 ,

555 528 691 578 itur:
736 527 862 577 vnde
909 527 1074 579 rursus
1126 530 1299 581 eadem
1347 532 1427 582 via
1466 532 1520 582 in
1545 534 1812 584 aduersum

554 628 781 666 montem
820 615 1172 667 conscenditur
1195 656 1210 678 ‚
1241 618 1382 668 cuius
1422 617 1475 666 in
1504 630 1643 688 tergo
1673 657 1688 678 ,
1733 618 1812 670 sa-

541 709 721 758 cellum
745 707 886 757 Diuo
907 707 1087 758 Rocho
1106 723 1454 777 nuncupatum
1476 709 1803 779 conspicitur.

623 799 840 850 EODEM
868 800 1104 870 deinceps
1147 803 1309 852 tractu
1359 803 1412 851 in
1436 802 1620 852 vallem
1644 820 1811 854 amoe-

552 891 801 941 niffimam
830 928 844 950 ,
871 892 1130 941 moenibus
1156 893 1291 943 vrbis
1318 893 1619 962 contiguam
1650 931 1664 952 ,
1690 893 1810 943 hor-

552 985 711 1052 tisque
739 985 955 1053 vndique
983 985 1225 1037 consitam
1262 1025 1275 1046 ‚
1293 987 1358 1038 est
1385 986 1666 1039 descensus:
1697 1005 1809 1056 quae

548 1097 578 1127 a
605 1078 784 1129 sacello
811 1078 1152 1129 Eremitarum
1172 1117 1185 1138 ,
1242 1079 1384 1130 Diuo
1412 1079 1645 1130 Antonio
1676 1099 1811 1152 ¹con-

549 1169 736 1220 secrato
762 1206 775 1227 ,
810 1187 997 1219 nomen
1037 1170 1164 1219 olim
1216 1169 1438 1236 sumpsit.
1481 1168 1641 1219 Nunc
1683 1188 1804 1220 vero

546 1260 609 1310 iis
629 1261 843 1311 exclusis
866 1261 927 1310 ab
956 1260 1368 1310 Adnunciatione
1396 1261 1646 1329 Angelica
1675 1262 1809 1314 Dei-

547 1374 676 1424 parae
705 1354 935 1423 Virginis
966 1353 1098 1406 facta
1116 1393 1129 1413 ,
1157 1372 1348 1405 nornen
1366 1354 1517 1405 habet
1537 1392 1551 1413 ,
1578 1355 1627 1404 &
1653 1371 1681 1404 a
1702 1352 1809 1404 Ve-

546 1448 749 1500 stalibus
817 1447 1158 1499 Dominicani
1206 1447 1418 1499 instituti
1474 1447 1804 1498 inhabitatur.

546 1546 684 1597 Mox
708 1544 813 1613 pari
840 1544 1129 1594 accliuitate
1157 1544 1302 1594 collis
1330 1544 1549 1595 nascitur
1580 1580 1595 1603 ,
1622 1540 1810 1593 densis-

545 1637 671 1689 fimo
715 1637 900 1688 oliveto
943 1635 1130 1685 obsitus
1161 1672 1174 1693 ,
1213 1648 1264 1685 vt
1291 1654 1395 1686 non
1431 1634 1581 1686 facile
1618 1635 1807 1685 intror-

544 1731 622 1782 1us
663 1725 841 1796 inspici
886 1725 1047 1794 possit.
1091 1722 1139 1773 A
1162 1723 1403 1791 superiori
1436 1742 1555 1796 vero
1581 1735 1723 1790 parte
1749 1739 1807 1771 a-

545 1832 737 1890 pertus,
791 1820 839 1868 &
866 1817 1046 1867 sacello
1076 1814 1230 1866 Diuae
1261 1813 1428 1866 Annae
1470 1832 1643 1865 recens
1667 1814 1806 1864 dica—

543 1925 598 1962 to
630 1923 836 1961 ornatus
861 1947 875 1968 ,
919 1910 1055 1977 quod
1098 1907 1295 1957 summa
1353 1925 1473 1958 cum
1514 1906 1759 1976 religione
1793 1947 1808 1969 ‚

539 2008 590 2058 δε
612 2004 891 2075 reuerentia
916 2041 928 2061 ,
973 2009 1156 2070 magna
1182 2001 1306 2051 item
1345 2001 1522 2070 populi
1566 2000 1803 2070 frequen-

541 2096 644 2153 tia,
687 2097 746 2145 ab
787 2095 1024 2146 omnibus
1052 2094 1205 2144 hodie
1252 2094 1423 2146 visitur
1453 2132 1467 2154 ,
1516 2094 1566 2144 δε
1591 2095 1797 2145 colitur.

540 2190 625 2240 Ab
658 2190 754 2239 hoc
797 2188 1005 2238 subinde
1043 2209 1129 2257 per
1153 2207 1330 2260 agrum
1383 2189 1750 2258 compascuum
1783 2223 1799 2245 ,

539 2281 804 2351 leprosaria
829 2318 842 2339 ,
887 2281 1099 2349 foroque
1143 2284 1339 2335 boario
1381 2283 1695 2349 interiectis,
1747 2282 1803 2331 in

535 2376 689 2426 aliam
753 2374 934 2424 vallem
974 2393 1076 2424 non
1110 2377 1280 2426 minus
1319 2377 1538 2428 fertilem
1565 2415 1580 2437 ,
1619 2378 1803 2428 iucun-

537 2468 754 2535 damque
773 2466 1041 2516 deuenitur
1073 2503 1087 2524 ,
1126 2484 1238 2533 quae
1265 2467 1524 2522 Maurusia
1542 2487 1803 2538 nuncupa-

535 2574 636 2619 tur,
663 2578 726 2610 εκ
752 2579 812 2610 eo
838 2561 974 2628 quod
999 2559 1103 2627 post
1132 2576 1488 2628 recuperatam
1517 2563 1801 2618 deASarace-

537 2655 614 2705 nis
641 2656 814 2706 vibem
842 2692 857 2713 ,
903 2671 962 2704 eo
989 2653 1088 2703 loci
1114 2654 1333 2722 permissi
1363 2655 1477 2707 sunt
1504 2654 1678 2708 Mauri
1709 2653 1795 2703 ha-

1606 2745 1736 2796 bita-
