1931 3239
146 213 317 254 FIDE-S
348 206 597 248 RELIGIO
625 200 898 251 MORESQ
923 203 1222 242 AETHIOP.
1266 207 1370 261 279

92 338 211 372 cum
243 318 448 368 Aluares
474 349 487 369 ‚
515 308 695 359 litteris
738 307 840 357 illis
890 303 995 355 suis
1025 305 1324 359 instm&um
1355 346 1370 370 ,

93 414 276 480 quibus
319 403 552 458 Domino
598 418 716 451 meo
765 398 1108 467 potentiffimo
1153 398 1374 450 Aethio-

92 519 215 573 pum
257 495 559 564 Imperatori
620 491 915 563 respondeat
943 528 957 550 ,
1013 509 1117 558 quo
1165 493 1374 543 tandem

89 595 143 646 in
168 589 383 660 patriam
409 587 612 639 redeam
640 623 655 647 ,
682 584 921 653 meosque
949 584 1074 635 lares
1107 583 1321 636 invisam
1357 605 1373 648 3

88 687 313 740 nimium
335 685 477 739 enim
504 683 591 735 diu
616 682 699 734 hic
727 683 956 732 detentus
1004 679 1075 731 fui
1110 718 1122 739 ‚
1175 695 1228 732 vt
1254 695 1376 732 ante

88 777 292 827 obitum
320 791 492 825 meum
525 811 538 833 ,
565 773 652 842 qui
681 790 743 823 ex
770 771 934 823 nimio
965 768 1103 820 senio
1129 789 1219 838 pro
1247 770 1377 821 fori-

95 871 192 920 bus
213 872 279 921 est
310 908 323 930 ,
355 871 591 921 mandata
618 866 866 937 perferam
898 903 911 926 ,
939 866 1177 935 reliquias
1203 867 1385 918 deinde

80 960 206 1013 v‘itae
235 960 478 1014 transaehi
505 961 596 1010 hac
624 959 878 1028 legatione
912 958 1027 1010 Deo
1055 959 1375 1018 consecrem,

92 1050 380 1121 dininisque
417 1053 563 1101 rebus
613 1062 749 1099 totus
787 1068 982 1100 vacem.
1029 1048 1293 1101 Caeterum
1325 1064 1380 1101 te

95 1160 185 1193 oro
215 1181 227 1202 ,
259 1143 292 1192 fi
317 1142 485 1209 aliqua
510 1140 562 1189 in
591 1140 766 1191 nostris
801 1141 999 1210 scriptis
1053 1160 1156 1192 non
1189 1140 1381 1193 fuerint

97 1235 214 1286 satis
239 1232 516 1301 composita
544 1271 556 1291 ‚
587 1248 671 1283 aut
699 1234 927 1284 ordinata
958 1271 969 1292 ,
1020 1248 1071 1284 vt
1123 1233 1227 1303 ipse
1248 1248 1303 1285 tu
1331 1235 1384 1285 id

97 1326 157 1377 ad
185 1323 403 1392 phrafirn
431 1323 641 1372 latinam
675 1339 878 1392 coaptes
907 1360 920 1383 ,
967 1322 1046 1373 sed
1079 1325 1148 1375 ita
1178 1362 1191 1382 ,
1223 1339 1272 1374 vt
1300 1325 1384 1375 ni-

99 1416 174 1467 hil
201 1415 260 1464 de
283 1412 419 1464 sensu
451 1413 711 1464 immutes.
758 1414 1015 1464 Postremo
1056 1430 1105 1465 te
1132 1413 1339 1465 obsecro
1373 1446 1391 1474 ,

101 1519 153 1556 vt
184 1504 314 1554 inter
339 1503 634 1552 vertendum
661 1504 896 1570 exquiras
924 1505 1192 1573 diligenter
1218 1517 1384 1560 vetus,

97 1600 148 1650 δε
195 1614 384 1647 novum
431 1595 821 1648 Testamentum
853 1632 866 1658 ,
915 1613 967 1650 vt
1018 1600 1270 1668 intelligas
1321 1615 1388 1649 ex

98 1688 283 1759 quibus
309 1684 436 1735 locis
463 1703 598 1736 meas
624 1687 948 1739 auetoritates
974 1688 1201 1756 excerpfi
1234 1725 1246 1747 ,
1277 1707 1381 1756 quo

104 1779 290 1832 certius
332 1791 516 1826 verta&
561 1776 721 1845 Qiod
771 1778 804 1828 fi
833 1781 1009 1831 omnia
1060 1797 1164 1830 non
1193 1778 1390 1829 fuerint

104 1885 212 1922 tam
241 1867 460 1917 feliciter
485 1870 693 1921 traetata
723 1908 737 1929 ,
796 1888 949 1940 quam
979 1873 1180 1923 forsitan
1208 1870 1392 1938 aliquis

104 1957 327 2015 curiosus
370 1994 383 2018 ,
432 1972 516 2009 aut
543 1959 859 2031 scrupulosus
915 1965 1085 2032 exigat
1119 2001 1133 2022 ‚
1164 1963 1214 2014 id
1261 1980 1389 2012 eon-v

105 2049 399 2102 donandum
447 2052 542 2103 erit
594 2054 778 2122 inopiae
809 2091 823 2113 ,
870 2056 917 2106 &
968 2055 1190 2125 penuriae
1231 2054 1394 2104 libro·-

104 2157 222 2191 1’um
258 2139 618 2195 Chaldaeorum
655 2180 670 2204 ,
697 2164 822 2213 quos
851 2164 1003 2214 penes
1045 2164 1127 2196 me
1154 2164 1256 2197 non
1307 2147 1398 2197 ha-

106 2234 205 2285 beo
242 2270 258 2293 ‚
302 2253 431 2304 quos
484 2238 623 2287 enirn
673 2237 824 2288 habui
887 2237 1129 2306 iniquitas
1180 2238 1397 2288 fortunae

108 2324 165 2376 in
218 2326 397 2378 itinere
447 2327 684 2397 perdidit.
729 2325 1083 2397 Qiamobrem
1134 2329 1398 2380 destitutus

109 2418 347 2468 omnium
378 2417 623 2468 librorum
651 2418 843 2470 auxilio
865 2456 882 2474 0
918 2420 1045 2469 nihil
1077 2450 1091 2478 -,
1120 2421 1211 2471 nili
1263 2419 1399 2490 quod

111 2520 284 2555 recens
313 2506 559 2556 memoria
584 2506 839 2565 afferebat,
868 2506 1058 2557 &Stare
1086 2507 1228 2574 potui
1269 2540 1283 2566 ,
1313 2507 1396 2559 sed

112 2611 172 2647 ea
195 2596 371 2649 omnia
395 2598 660 2651 certiffima
686 2596 945 2652 fide-Vale
971 2597 1131 2650 filiole
1157 2597 1213 2649 in
1243 2595 1402 2646 Chris

652 2692 702 2745 V
1293 2689 1370 2742 sto
