1931 3239
303 262 641 308 omsu’ONIs
685 265 722 299 D
749 263 1076 300 ESCRIPTIO
1292 268 1363 324 43¹¹

152 375 305 432 nostri
332 372 482 423 hodie
508 372 860 422 Sandarenum
887 382 1089 423 vocant.
1130 369 1215 422 De
1243 391 1342 440 qua
1376 399 1428 430 re

153 473 292 544 plura
325 464 457 534 apud
482 460 796 513 Resendium
828 460 1065 513 nostrum
1111 463 1429 533 antiquitatis

151 571 399 616 amatores
427 555 712 607 inuenient.
759 554 889 608 Inde
918 557 1164 626 quoniam
1194 557 1248 608 in
1278 578 1429 611 mon-

150 653 237 713 tis,
265 651 446 703 excelli
485 650 763 702 admodum
787 688 803 710 ‚
831 651 955 721 iugo
981 652 1205 721 pofitum
1233 653 1301 704 est
1333 694 1346 714 ,
1377 656 1428 708 in

151 764 394 815 campum
435 757 667 816 apertum
710 745 759 795 &
797 745 1014 813 planum
1046 784 1058 806 ‚
1099 746 1255 815 longe
1306 749 1435 799 late-

151 858 251 910 que
278 838 490 908 despicit
516 878 531 900 ,
581 839 672 910 qui
698 857 909 909 campus
936 837 1092 909 Tago
1123 841 1329 892 medius
1353 842 1435 892 di-

152 937 347 988 uiditur
385 933 614 985 maxima
640 944 782 984 terrae
804 930 1066 982 fertilitate
1090 969 1104 991 ,
1133 950 1245 1001 quae
1289 944 1433 982 cete-

156 1034 224 1086 ris
263 1031 502 1081 omnibus
546 1028 699 1098 vsque
741 1047 804 1080 eo
828 1027 1024 1097 praestat
1058 1066 1071 1087 ,
1113 1041 1171 1078 vt
1216 1029 1437 1078 modicae

161 1125 410 1173 arationes
455 1122 726 1189 quotannis
753 1159 767 1180 ‚
826 1139 920 1189 pro
970 1120 1115 1171 vallis
1163 1119 1391 1189 angustia
1419 1158 1433 1178 ,

166 1206 494 1262 incredibiles
540 1212 702 1262 tritici
754 1229 963 1262 aceruos
1015 1211 1244 1262 efferant.
1289 1209 1439 1260 Tan-

164 1320 269 1357 tam
293 1319 463 1357 autem
502 1304 591 1355 soli
616 1306 895 1354 vbertatem
942 1305 992 1354 id
1013 1304 1176 1355 laudis
1205 1321 1312 1352 non
1343 1322 1439 1372 pu-

164 1398 302 1448 debit
353 1397 655 1447 conne&ere
680 1433 692 1454 ‚
738 1396 875 1464 quod
936 1395 1116 1446 multis
1158 1394 1299 1444 dic'tu
1352 1395 1441 1446 vix

165 1487 407 1537 credibile
435 1486 689 1536 videbitur
715 1524 728 1544 ,
760 1485 1083 1556 sexageffimo
1117 1505 1301 1558 nempe
1334 1486 1443 1554 post

162 1580 244 1628 die
274 1616 288 1636 ‚
328 1595 479 1646 quam
528 1575 765 1627 sementis
794 1577 901 1627 fieri
950 1591 1122 1645 coepta
1159 1578 1226 1629 est
1249 1617 1263 1638 ,
1303 1578 1441 1648 sege-

160 1686 238 1720 tes
275 1682 541 1731 momento
571 1668 672 1718 fere
709 1669 956 1738 temporis
984 1670 1169 1721 adultae
1189 1707 1202 1728 ,
1232 1687 1289 1720 ac
1313 1688 1444 1738 prae-

159 1775 373 1812 maturae
403 1758 630 1810 secantur
657 1799 672 1821 ,
716 1774 976 1821 teruntur,
1001 1764 1050 1814 ἅ
1076 1762 1110 1813 fi
1135 1763 1262 1813 libet
1285 1798 1297 1818 ,
1328 1779 1446 1812 mo-

162 1856 376 1905 liuntur.

350 1942 577 1994 VERVM
618 1958 671 1995 vt
698 1945 760 1994 ad
803 1947 1132 2014 praepositum
1176 1960 1442 2006 reuertar,

169 2035 352 2102 Tagus
374 2071 388 2092 ,
424 2051 521 2101 qua
550 2033 801 2084 scalabim
833 2035 992 2085 adluit
1024 2075 1035 2094 ‚
1083 2036 1236 2106 Vsque
1286 2039 1345 2088 ad
1368 2057 1450 2089 vr·-

172 2134 289 2182 bem
339 2130 573 2180 latiffimo
618 2129 765 2180 alueo
805 2129 1061 2190 defertur,
1099 2146 1248 2200 atque
1272 2132 1449 2183 altiffi-

172 2240 281 2272 mo.
324 2219 441 2272 Nec
482 2239 543 2271 eo
594 2232 901 2280 contentus,
946 2220 1205 2273 interdum
1253 2224 1447 2275 multos

173 2316 307 2366 sinus
333 2315 466 2365 vltro
517 2315 745 2383 citroque
775 2351 789 2373 ‚
829 2315 878 2365 δε
907 2312 1093 2365 insulas
1147 2315 1324 2367 efficit.
1371 2315 1449 2367 Eo

175 2407 353 2460 itidem
378 2408 644 2460 interuallo
674 2446 688 2468 ‚
725 2407 915 2477 oppida
944 2445 958 2466 ‚
1005 2407 1124 2477 pagi
1151 2445 1163 2467 ‚
1206 2407 1446 2476 villaeque

176 2501 382 2572 aspe&u
416 2542 428 2562 ‚
462 2503 654 2572 situque
682 2501 968 2573 gratiffimae
1009 2519 1066 2552 ac
1089 2502 1448 2553 amoeniffimae

176 2591 769 2662 conspiciuntur.Medio
797 2591 900 2644 fere
930 2592 1075 2644 cursu
1103 2594 1176 2644 cis
1196 2592 1408 2662 Tagum
1435 2629 1449 2646 2

138 2689 460 2742 occidentem
518 2690 720 2752 versuS,
778 2690 1031 2760 oppidum
1080 2688 1343 2755 Alanquer
1387 2684 1449 2733 si-

742 2778 786 2831 E
830 2793 859 2832 2
1305 2790 1415 2826 tum
