1998 3256
599 264 665 302 22
990 275 1269 316 DAMIANI
1331 284 1369 318 A
1415 283 1566 323 GOES

561 368 766 437 pelagus
806 372 859 425 in
901 377 1221 435 latitudinem
1266 386 1427 438 millia
1467 389 1687 458 passuum
1725 394 1811 448 sex

558 472 713 525 patet.
759 462 836 513 Ex
856 466 1062 520 aduerso
1107 472 1258 525 latere
1286 477 1386 528 duo
1414 479 1545 531 smus
1580 482 1811 534 efficiun-

555 562 676 599 tur:
742 572 960 620 quorum
1001 578 1125 612 vnus
1172 568 1465 633 aquilonem
1505 569 1676 622 versus
1726 572 1807 622 in-

553 641 770 695 trorsum
795 652 1028 701 reduffihffi
1068 654 1129 702 ad
1155 655 1472 726 frequentem
1497 660 1589 711 hac
1616 674 1811 732 tempe-

551 733 670 783 state
699 739 867 790 vicum
914 744 1157 794 Gallecum.
1184 750 1394 800 nomine
1423 787 1437 809 ‚
1461 749 1586 802 alter
1612 771 1731 803 vero
1751 754 1813 804 ad

550 829 817 882 meridiem
858 837 1068 902 paulum
1113 838 1336 891 deflexus
1366 879 1380 900 ‚
1420 842 1482 893 ad
1522 843 1695 893 vicum
1721 843 1810 894 Co-

549 939 656 967 mzm
705 925 1021 989 quotidianas
1071 927 1255 981 habent
1313 931 1680 1001 navigationes,
1724 934 1808 985 Ab

545 1016 721 1065 eodem
750 1034 866 1066 vero
887 1017 1039 1070 latere
1075 1024 1226 1088 paulo
1257 1025 1469 1078 inferius
1498 1066 1512 1087 ,
1556 1030 1806 1098 oppidum

539 1111 745 1163 Almada
772 1110 919 1160 situm
943 1112 1009 1163 est
1033 1151 1045 1171 ‚
1075 1114 1127 1164 in
1154 1131 1385 1169 extremo
1407 1120 1592 1171 frontis
1615 1160 1628 1180 ‚
1653 1143 1807 1191 quam

541 1199 794 1249 comensis
818 1200 948 1249 smus
970 1203 1181 1270 obliquo
1201 1207 1419 1260 circuitu
1440 1210 1651 1262 emittit.
1684 1212 1809 1281 Qio

536 1289 749 1352 quidem
779 1290 893 1340 loco
920 1291 1135 1361 pelagus
1173 1314 1202 1346 a
1222 1295 1483 1351 licentiosa
1509 1301 1642 1353 finus
1659 1304 1803 1355 vasti-

535 1392 636 1431 tate
684 1386 836 1452 paulo
875 1387 1181 1442 coarAE'oettur.
1228 1389 1514 1464 Illincque·
1539 1399 1601 1448 ad
1627 1402 1802 1452 vrbem

532 1473 774 1525 traie6³ws
803 1475 871 1526 est
933 1479 1144 1546 pastibus
1195 1483 1348 1548 paulo
1403 1485 1575 1538 minus
1605 1527 1620 1548 ,
1648 1508 1805 1558 quam

533 1562 762 1614 millibus
814 1580 1047 1633 quatuor.
1112 1568 1246 1638 Ripa
1295 1591 1412 1624 vero
1463 1577 1634 1631 lateris
1687 1580 1796 1632 eius

535 1655 642 1705 sere
690 1657 975 1728 praecipitio
1025 1662 1077 1713 in
1134 1681 1276 1712 mare
1337 1666 1639 1720 descendens
1668 1707 1682 1727 ,
1733 1689 1791 1721 ac

537 1747 689 1798 dorso
760 1751 813 1800 in
877 1771 1020 1804 arcus
1078 1755 1465 1809 similitudinem
1517 1762 1579 1810 ad
1641 1766 1796 1816 meri,

528 1842 665 1892 diem
693 1842 793 1896 sese
836 1845 1093 1899 inclinans
1128 1849 1187 1899 ad
1210 1848 1510 1901 Barbarium
1548 1870 1800 1919 promon-

529 1936 721 1987 torium
767 1941 1073 1992 extenditur.
1156 1940 1352 1992 Mediis
1413 1944 1493 1994 his
1551 1946 1796 2000 anfracsti-

527 2033 621 2080 bus
681 2029 872 2081 sinuosa
901 2069 914 2090 ‚
977 2032 1123 2083 devia
1151 2070 1164 2091 ,
1246 2033 1383 2103 quafi
1449 2033 1603 2103 syrtes
1641 2037 1802 2089 inter,-

526 2118 677 2169 sunt:
727 2120 779 2169 in
823 2123 1011 2188 quibus
1054 2143 1234 2176 aurum
1278 2126 1447 2177 arenis
1498 2127 1791 2182 involutum

519 2210 675 2260 nostri
701 2215 1008 2279 conquirunt
1040 2253 1053 2273 ‚
1106 2236 1166 2267 eo
1218 2221 1472 2289 praecipue
1504 2219 1618 2270 loco
1641 2239 1796 2288 quem

522 2302 773 2353 Addiciam
799 2320 1121 2373 nuncupant:
1147 2312 1282 2375 qnod
1301 2312 1425 2361 item
1446 2309 1693 2379 plerisque
1717 2315 1796 2365 lo·-

524 2394 597 2444 cis
625 2396 675 2445 in
698 2395 800 2464 ipsa
849 2396 988 2465 Tagi
1035 2400 1143 2466 ripa
1184 2400 1292 2452 fieri
1344 2404 1634 2457 consueuit.
1676 2407 1796 2459 Nee

522 2504 551 2534 a
572 2500 793 2536 veterum
830 2488 1078 2539 *sententia
1103 2490 1384 2560 discrepant
1413 2532 1427 2552 ‚
1455 2499 1542 2564 qui
1573 2496 1794 2566 Tagum

523 2596 681 2634 auro.
722 2597 1043 2648 gemmisque
1099 2573 1298 2634 afflueie
1337 2585 1659 2655 scripserunt.
1702 2586 1786 2638 Ab

519 2669 618 2721 hoc
639 2670 804 2723 rursus
824 2671 1063 2726 Barbarie
1097 2678 1474 2741 promontorio,
1490 2680 1550 2729 ad
1578 2674 1789 2729 citerio-

1648 2783 1755 2820 tem
