<?xml version="1.0" encoding="UTF-8"?>
<!DOCTYPE html PUBLIC "-//W3C//DTD XHTML 1.0 Transitional//EN"
    "http://www.w3.org/TR/xhtml1/DTD/xhtml1-transitional.dtd">
<html xmlns="http://www.w3.org/1999/xhtml" xml:lang="en" lang="en">
 <head>
  <title>
</title>
<meta http-equiv="Content-Type" content="text/html;charset=utf-8" />
  <meta name='ocr-system' content='tesseract 3.04.00' />
  <meta name='ocr-capabilities' content='ocr_page ocr_carea ocr_par ocr_line ocrx_word'/>
</head>
<body>
  <div class='ocr_page' id='page_1' title='image "./damianigoesopusc00gi_0153.png"; bbox 0 0 1931 3239; ppageno 0'>
   <div class='ocr_carea' id='block_1_1' title="bbox 309 205 1413 267">
    <p class='ocr_par' dir='ltr' id='par_1_1' title="bbox 309 205 1413 267">
     <span class='ocr_line' id='line_1_1' title="bbox 309 205 1413 267; baseline -0.003 -16"><span class='ocrx_word' id='word_1_1' title='bbox 309 209 547 254; x_wconf 63' lang='lat' dir='ltr'><strong>§offusis</strong></span> <span class='ocrx_word' id='word_1_2' title='bbox 597 206 776 244; x_wconf 81' lang='lat' dir='ltr'>VRBIS</span> <span class='ocrx_word' id='word_1_3' title='bbox 812 205 1211 245; x_wconf 70' lang='lat' dir='ltr'>OPPVGNALOI</span> <span class='ocrx_word' id='word_1_4' title='bbox 1309 209 1413 267; x_wconf 72' lang='lat'><strong>123</strong></span> 
     </span>
    </p>
   </div>
   <div class='ocr_carea' id='block_1_2' title="bbox 126 308 1456 2801">
    <p class='ocr_par' dir='ltr' id='par_1_2' title="bbox 126 308 1456 2700">
     <span class='ocr_line' id='line_1_2' title="bbox 161 308 1432 385; baseline -0.007 -12"><span class='ocrx_word' id='word_1_5' title='bbox 161 321 315 373; x_wconf 79' lang='lat' dir='ltr'><strong>nostri</strong></span> <span class='ocrx_word' id='word_1_6' title='bbox 344 337 375 369; x_wconf 85' lang='lat' dir='ltr'>a</span> <span class='ocrx_word' id='word_1_7' title='bbox 416 312 714 385; x_wconf 85' lang='lat' dir='ltr'><strong>quibusdam</strong></span> <span class='ocrx_word' id='word_1_8' title='bbox 760 308 956 363; x_wconf 90' lang='lat' dir='ltr'><strong>Turcis</strong></span> <span class='ocrx_word' id='word_1_9' title='bbox 983 348 998 370; x_wconf 93' lang='lat'>,</span> <span class='ocrx_word' id='word_1_10' title='bbox 1040 328 1168 379; x_wconf 84' lang='lat' dir='ltr'><strong>quos</strong></span> <span class='ocrx_word' id='word_1_11' title='bbox 1216 311 1268 361; x_wconf 89' lang='lat' dir='ltr'><strong>in</strong></span> <span class='ocrx_word' id='word_1_12' title='bbox 1316 314 1432 379; x_wconf 74' lang='lat' dir='ltr'><strong>ipsis</strong></span> 
     </span>
     <span class='ocr_line' id='line_1_3' title="bbox 163 402 1440 476; baseline -0.012 -12"><span class='ocrx_word' id='word_1_13' title='bbox 163 414 376 465; x_wconf 88' lang='lat' dir='ltr'><strong>nauibus</strong></span> <span class='ocrx_word' id='word_1_14' title='bbox 399 409 544 460; x_wconf 87' lang='lat' dir='ltr'><strong>viuos</strong></span> <span class='ocrx_word' id='word_1_15' title='bbox 563 417 805 476; x_wconf 83' lang='lat' dir='ltr'><strong>ceperunt</strong></span> <span class='ocrx_word' id='word_1_16' title='bbox 840 441 854 463; x_wconf 90' lang='lat'><em>,</em></span> <span class='ocrx_word' id='word_1_17' title='bbox 882 403 1204 455; x_wconf 81' lang='lat' dir='ltr'><strong>intellexere.</strong></span> <span class='ocrx_word' id='word_1_18' title='bbox 1240 402 1325 455; x_wconf 85' lang='lat' dir='ltr'><strong>Est</strong></span> <span class='ocrx_word' id='word_1_19' title='bbox 1351 424 1440 456; x_wconf 65' lang='lat' dir='ltr'><strong>ve,</strong></span> 
     </span>
     <span class='ocr_line' id='line_1_4' title="bbox 161 498 1437 569; baseline -0.005 -11"><span class='ocrx_word' id='word_1_20' title='bbox 161 525 218 559; x_wconf 84' lang='lat' dir='ltr'><strong>ro</strong></span> <span class='ocrx_word' id='word_1_21' title='bbox 266 503 521 555; x_wconf 84' lang='lat' dir='ltr'><strong>Mallabar</strong></span> <span class='ocrx_word' id='word_1_22' title='bbox 563 499 868 569; x_wconf 81' lang='lat' dir='ltr'><strong>prouincia,</strong></span> <span class='ocrx_word' id='word_1_23' title='bbox 922 498 975 547; x_wconf 92' lang='lat' dir='ltr'><strong>in</strong></span> <span class='ocrx_word' id='word_1_24' title='bbox 1027 516 1126 560; x_wconf 83' lang='lat' dir='ltr'><strong>qua</strong></span> <span class='ocrx_word' id='word_1_25' title='bbox 1175 499 1267 549; x_wconf 82' lang='lat' dir='ltr'><strong>sita</strong></span> <span class='ocrx_word' id='word_1_26' title='bbox 1320 498 1437 552; x_wconf 84' lang='lat' dir='ltr'><strong>sunt</strong></span> 
     </span>
     <span class='ocr_line' id='line_1_5' title="bbox 157 590 1438 666; baseline -0.005 -18"><span class='ocrx_word' id='word_1_27' title='bbox 157 598 339 666; x_wconf 84' lang='lat' dir='ltr'><strong>Regna</strong></span> <span class='ocrx_word' id='word_1_28' title='bbox 383 594 638 648; x_wconf 88' lang='lat' dir='ltr'><strong>Calecutii</strong></span> <span class='ocrx_word' id='word_1_29' title='bbox 659 633 674 655; x_wconf 88' lang='lat'><em>,</em></span> <span class='ocrx_word' id='word_1_30' title='bbox 729 591 1009 644; x_wconf 84' lang='lat' dir='ltr'><strong>Cananorii</strong></span> <span class='ocrx_word' id='word_1_31' title='bbox 1039 630 1052 651; x_wconf 95' lang='lat'><em>,</em></span> <span class='ocrx_word' id='word_1_32' title='bbox 1081 593 1130 644; x_wconf 88' lang='lat'>&amp;</span> <span class='ocrx_word' id='word_1_33' title='bbox 1154 590 1393 643; x_wconf 66' lang='lat' dir='ltr'><strong>‘Cochini</strong></span> <span class='ocrx_word' id='word_1_34' title='bbox 1423 630 1438 653; x_wconf 86' lang='lat'><em>,</em></span> 
     </span>
     <span class='ocr_line' id='line_1_6' title="bbox 156 686 1431 755; baseline -0.002 -15"><span class='ocrx_word' id='word_1_35' title='bbox 156 689 359 748; x_wconf 63' lang='lat' dir='ltr'><strong>&amp;aliaj</strong></span> <span class='ocrx_word' id='word_1_36' title='bbox 406 689 550 740; x_wconf 85' lang='lat' dir='ltr'><strong>cuius</strong></span> <span class='ocrx_word' id='word_1_37' title='bbox 576 687 766 738; x_wconf 87' lang='lat' dir='ltr'><strong>littoris</strong></span> <span class='ocrx_word' id='word_1_38' title='bbox 797 686 1201 755; x_wconf 83' lang='lat' dir='ltr'><strong>Regnorumque</strong></span> <span class='ocrx_word' id='word_1_39' title='bbox 1243 687 1431 738; x_wconf 87' lang='lat' dir='ltr'><strong>descri-</strong></span> 
     </span>
     <span class='ocr_line' id='line_1_7' title="bbox 168 778 1447 850; baseline -0.001 -18"><span class='ocrx_word' id='word_1_40' title='bbox 168 782 401 850; x_wconf 88' lang='lat' dir='ltr'><strong>ptionem</strong></span> <span class='ocrx_word' id='word_1_41' title='bbox 449 782 502 831; x_wconf 88' lang='lat' dir='ltr'><strong>in</strong></span> <span class='ocrx_word' id='word_1_42' title='bbox 547 780 752 832; x_wconf 88' lang='lat' dir='ltr'><strong>historia</strong></span> <span class='ocrx_word' id='word_1_43' title='bbox 794 797 964 830; x_wconf 89' lang='lat' dir='ltr'><strong>rerum</strong></span> <span class='ocrx_word' id='word_1_44' title='bbox 1003 778 1302 830; x_wconf 82' lang='lat' dir='ltr'><strong>Indicarum</strong></span> <span class='ocrx_word' id='word_1_45' title='bbox 1340 780 1447 832; x_wconf 80' lang='lat' dir='ltr'><strong>iarn</strong></span> 
     </span>
     <span class='ocr_line' id='line_1_8' title="bbox 161 871 1444 945; baseline 0.001 -21"><span class='ocrx_word' id='word_1_46' title='bbox 161 876 226 925; x_wconf 87' lang='lat' dir='ltr'><strong>ab</strong></span> <span class='ocrx_word' id='word_1_47' title='bbox 265 876 462 945; x_wconf 84' lang='lat' dir='ltr'>origine</span> <span class='ocrx_word' id='word_1_48' title='bbox 493 874 790 926; x_wconf 85' lang='lat' dir='ltr'><strong>nostratium</strong></span> <span class='ocrx_word' id='word_1_49' title='bbox 835 873 889 923; x_wconf 91' lang='lat' dir='ltr'><strong>in</strong></span> <span class='ocrx_word' id='word_1_50' title='bbox 942 890 1000 922; x_wconf 91' lang='lat' dir='ltr'><strong>ea</strong></span> <span class='ocrx_word' id='word_1_51' title='bbox 1041 871 1156 922; x_wconf 88' lang='lat' dir='ltr'><strong>loca</strong></span> <span class='ocrx_word' id='word_1_52' title='bbox 1195 873 1444 925; x_wconf 83' lang='lat' dir='ltr'><strong>aduentus</strong></span> 
     </span>
     <span class='ocr_line' id='line_1_9' title="bbox 161 966 1445 1029; baseline 0 -10"><span class='ocrx_word' id='word_1_53' title='bbox 161 969 475 1029; x_wconf 76' lang='lat' dir='ltr'><strong>luculenter,</strong></span> <span class='ocrx_word' id='word_1_54' title='bbox 521 969 555 1020; x_wconf 82' lang='lat' dir='ltr'><strong>si</strong></span> <span class='ocrx_word' id='word_1_55' title='bbox 584 969 703 1021; x_wconf 88' lang='lat' dir='ltr'><strong>Deo</strong></span> <span class='ocrx_word' id='word_1_56' title='bbox 742 968 815 1018; x_wconf 84' lang='lat' dir='ltr'><strong>ita</strong></span> <span class='ocrx_word' id='word_1_57' title='bbox 840 966 1005 1018; x_wconf 81' lang='lat' dir='ltr'><strong>visum</strong></span> <span class='ocrx_word' id='word_1_58' title='bbox 1034 966 1187 1017; x_wconf 87' lang='lat' dir='ltr'><strong>fuerit</strong></span> <span class='ocrx_word' id='word_1_59' title='bbox 1213 1006 1227 1027; x_wconf 94' lang='lat'><em>,</em></span> <span class='ocrx_word' id='word_1_60' title='bbox 1271 968 1445 1019; x_wconf 85' lang='lat' dir='ltr'><strong>sumus</strong></span> 
     </span>
     <span class='ocr_line' id='line_1_10' title="bbox 164 1060 1444 1131; baseline 0.003 -21"><span class='ocrx_word' id='word_1_61' title='bbox 164 1063 418 1114; x_wconf 85' lang='lat' dir='ltr'><strong>tradituri.</strong></span> <span class='ocrx_word' id='word_1_62' title='bbox 495 1062 577 1113; x_wconf 81' lang='lat' dir='ltr'><strong>Ita</strong></span> <span class='ocrx_word' id='word_1_63' title='bbox 624 1062 780 1131; x_wconf 81' lang='lat' dir='ltr'><strong>igitur</strong></span> <span class='ocrx_word' id='word_1_64' title='bbox 825 1061 1110 1129; x_wconf 82' lang='lat' dir='ltr'><strong>nauigando</strong></span> <span class='ocrx_word' id='word_1_65' title='bbox 1148 1060 1444 1114; x_wconf 81' lang='lat' dir='ltr'><strong>Solimanus</strong></span> 
     </span>
     <span class='ocr_line' id='line_1_11' title="bbox 169 1149 1446 1220; baseline 0.003 -18"><span class='ocrx_word' id='word_1_66' title='bbox 169 1154 336 1208; x_wconf 90' lang='lat' dir='ltr'><strong>Dium</strong></span> <span class='ocrx_word' id='word_1_67' title='bbox 361 1152 522 1220; x_wconf 78' lang='lat' dir='ltr'><strong>pridie</strong></span> <span class='ocrx_word' id='word_1_68' title='bbox 562 1151 746 1202; x_wconf 83' lang='lat' dir='ltr'><strong>Nonas</strong></span> <span class='ocrx_word' id='word_1_69' title='bbox 777 1149 1090 1218; x_wconf 84' lang='lat' dir='ltr'><strong>Septembris</strong></span> <span class='ocrx_word' id='word_1_70' title='bbox 1137 1169 1255 1202; x_wconf 89' lang='lat' dir='ltr'><strong>cum</strong></span> <span class='ocrx_word' id='word_1_71' title='bbox 1298 1155 1446 1207; x_wconf 78' lang='lat' dir='ltr'><strong>claffe</strong></span> 
     </span>
     <span class='ocr_line' id='line_1_12' title="bbox 169 1243 1448 1314; baseline 0.002 -19"><span class='ocrx_word' id='word_1_72' title='bbox 169 1243 255 1295; x_wconf 89' lang='lat' dir='ltr'><strong>sua</strong></span> <span class='ocrx_word' id='word_1_73' title='bbox 299 1245 528 1314; x_wconf 86' lang='lat' dir='ltr'><strong>appulit:</strong></span> <span class='ocrx_word' id='word_1_74' title='bbox 576 1245 626 1294; x_wconf 88' lang='lat'>&amp;</span> <span class='ocrx_word' id='word_1_75' title='bbox 661 1262 780 1294; x_wconf 84' lang='lat' dir='ltr'><strong>cum</strong></span> <span class='ocrx_word' id='word_1_76' title='bbox 821 1244 882 1292; x_wconf 83' lang='lat' dir='ltr'><strong>ad</strong></span> <span class='ocrx_word' id='word_1_77' title='bbox 926 1243 1123 1294; x_wconf 53' lang='lat' dir='ltr'><strong>istium</strong></span> <span class='ocrx_word' id='word_1_78' title='bbox 1151 1246 1448 1299; x_wconf 74' lang='lat' dir='ltr'><strong>bombardae</strong></span> 
     </span>
     <span class='ocr_line' id='line_1_13' title="bbox 168 1338 1446 1408; baseline 0 -18"><span class='ocrx_word' id='word_1_79' title='bbox 168 1341 331 1391; x_wconf 87' lang='lat' dir='ltr'><strong>muris</strong></span> <span class='ocrx_word' id='word_1_80' title='bbox 356 1340 402 1390; x_wconf 87' lang='lat' dir='ltr'><strong>se</strong></span> <span class='ocrx_word' id='word_1_81' title='bbox 437 1339 735 1408; x_wconf 83' lang='lat' dir='ltr'><strong>proximum</strong></span> <span class='ocrx_word' id='word_1_82' title='bbox 777 1338 1104 1389; x_wconf 81' lang='lat' dir='ltr'><strong>constituiffet</strong></span> <span class='ocrx_word' id='word_1_83' title='bbox 1136 1377 1149 1398; x_wconf 95' lang='lat'><em>,</em></span> <span class='ocrx_word' id='word_1_84' title='bbox 1194 1357 1446 1391; x_wconf 78' lang='lat' dir='ltr'><strong>exonera-</strong></span> 
     </span>
     <span class='ocr_line' id='line_1_14' title="bbox 168 1431 1443 1499; baseline -0.001 -15"><span class='ocrx_word' id='word_1_85' title='bbox 168 1436 213 1484; x_wconf 87' lang='lat' dir='ltr'><strong>ri</strong></span> <span class='ocrx_word' id='word_1_86' title='bbox 275 1433 475 1483; x_wconf 85' lang='lat' dir='ltr'><strong>circiter</strong></span> <span class='ocrx_word' id='word_1_87' title='bbox 525 1431 708 1499; x_wconf 80' lang='lat' dir='ltr'><strong>viginti</strong></span> <span class='ocrx_word' id='word_1_88' title='bbox 753 1448 938 1499; x_wconf 80' lang='lat' dir='ltr'><strong>magna</strong></span> <span class='ocrx_word' id='word_1_89' title='bbox 982 1444 1239 1482; x_wconf 85' lang='lat' dir='ltr'><strong>tormenta</strong></span> <span class='ocrx_word' id='word_1_90' title='bbox 1280 1435 1443 1483; x_wconf 86' lang='lat' dir='ltr'><strong>iubet.</strong></span> 
     </span>
     <span class='ocr_line' id='line_1_15' title="bbox 169 1521 1451 1592; baseline -0.001 -16"><span class='ocrx_word' id='word_1_91' title='bbox 169 1523 346 1576; x_wconf 90' lang='lat' dir='ltr'><strong>Nostri</strong></span> <span class='ocrx_word' id='word_1_92' title='bbox 393 1541 483 1592; x_wconf 84' lang='lat' dir='ltr'><strong>par</strong></span> <span class='ocrx_word' id='word_1_93' title='bbox 529 1523 636 1590; x_wconf 82' lang='lat' dir='ltr'><strong>pari</strong></span> <span class='ocrx_word' id='word_1_94' title='bbox 667 1521 943 1572; x_wconf 81' lang='lat' dir='ltr'><strong>referentes</strong></span> <span class='ocrx_word' id='word_1_95' title='bbox 975 1558 989 1582; x_wconf 86' lang='lat'>,</span> <span class='ocrx_word' id='word_1_96' title='bbox 1041 1524 1163 1574; x_wconf 81' lang='lat' dir='ltr'><strong>duas</strong></span> <span class='ocrx_word' id='word_1_97' title='bbox 1217 1523 1451 1575; x_wconf 80' lang='lat' dir='ltr'><strong>triremes</strong></span> 
     </span>
     <span class='ocr_line' id='line_1_16' title="bbox 169 1617 1443 1687; baseline 0 -17"><span class='ocrx_word' id='word_1_98' title='bbox 169 1621 467 1675; x_wconf 88' lang='lat' dir='ltr'><strong>Turcarum</strong></span> <span class='ocrx_word' id='word_1_99' title='bbox 532 1631 786 1668; x_wconf 85' lang='lat' dir='ltr'><strong>euertunt.</strong></span> <span class='ocrx_word' id='word_1_100' title='bbox 831 1617 951 1686; x_wconf 80' lang='lat' dir='ltr'><strong>Qla</strong></span> <span class='ocrx_word' id='word_1_101' title='bbox 993 1619 1257 1687; x_wconf 80' lang='lat' dir='ltr'><strong>repentina</strong></span> <span class='ocrx_word' id='word_1_102' title='bbox 1298 1619 1443 1670; x_wconf 82' lang='lat' dir='ltr'><strong>clade</strong></span> 
     </span>
     <span class='ocr_line' id='line_1_17' title="bbox 166 1709 1445 1780; baseline 0.001 -19"><span class='ocrx_word' id='word_1_103' title='bbox 166 1710 505 1768; x_wconf 77' lang='lat' dir='ltr'><strong>consternati,</strong></span> <span class='ocrx_word' id='word_1_104' title='bbox 550 1709 717 1760; x_wconf 86' lang='lat' dir='ltr'><strong>subito</strong></span> <span class='ocrx_word' id='word_1_105' title='bbox 754 1710 898 1760; x_wconf 86' lang='lat' dir='ltr'><strong>illinc</strong></span> <span class='ocrx_word' id='word_1_106' title='bbox 953 1712 1136 1780; x_wconf 85' lang='lat' dir='ltr'><strong>pedem</strong></span> <span class='ocrx_word' id='word_1_107' title='bbox 1190 1712 1405 1762; x_wconf 82' lang='lat' dir='ltr'><strong>retulere</strong></span> <span class='ocrx_word' id='word_1_108' title='bbox 1432 1749 1445 1769; x_wconf 89' lang='lat'><em>‚</em></span> 
     </span>
     <span class='ocr_line' id='line_1_18' title="bbox 171 1798 1448 1872; baseline -0.003 -14"><span class='ocrx_word' id='word_1_109' title='bbox 171 1809 221 1858; x_wconf 85' lang='lat'>&amp;</span> <span class='ocrx_word' id='word_1_110' title='bbox 245 1806 308 1856; x_wconf 85' lang='lat' dir='ltr'><strong>ad</strong></span> <span class='ocrx_word' id='word_1_111' title='bbox 327 1804 578 1872; x_wconf 86' lang='lat' dir='ltr'><strong>quendam</strong></span> <span class='ocrx_word' id='word_1_112' title='bbox 617 1803 832 1854; x_wconf 86' lang='lat' dir='ltr'><strong>fluuium</strong></span> <span class='ocrx_word' id='word_1_113' title='bbox 879 1804 1098 1854; x_wconf 87' lang='lat' dir='ltr'><strong>sedecim</strong></span> <span class='ocrx_word' id='word_1_114' title='bbox 1145 1805 1310 1857; x_wconf 80' lang='lat' dir='ltr'><strong>millia</strong></span> <span class='ocrx_word' id='word_1_115' title='bbox 1335 1798 1448 1872; x_wconf 80' lang='lat' dir='ltr'><strong>pas-</strong></span> 
     </span>
     <span class='ocr_line' id='line_1_19' title="bbox 176 1895 1436 1954; baseline 0.001 -7"><span class='ocrx_word' id='word_1_116' title='bbox 176 1895 323 1947; x_wconf 90' lang='lat' dir='ltr'><strong>suum</strong></span> <span class='ocrx_word' id='word_1_117' title='bbox 368 1895 631 1944; x_wconf 82' lang='lat' dir='ltr'><strong>distantem</strong></span> <span class='ocrx_word' id='word_1_118' title='bbox 668 1913 696 1944; x_wconf 84' lang='lat' dir='ltr'>a</span> <span class='ocrx_word' id='word_1_119' title='bbox 726 1895 833 1946; x_wconf 84' lang='lat' dir='ltr'><strong>Dio</strong></span> <span class='ocrx_word' id='word_1_120' title='bbox 863 1933 876 1954; x_wconf 89' lang='lat'>,</span> <span class='ocrx_word' id='word_1_121' title='bbox 904 1897 987 1945; x_wconf 87' lang='lat' dir='ltr'><strong>cui</strong></span> <span class='ocrx_word' id='word_1_122' title='bbox 1024 1914 1216 1946; x_wconf 88' lang='lat' dir='ltr'><strong>nomen</strong></span> <span class='ocrx_word' id='word_1_123' title='bbox 1253 1896 1436 1948; x_wconf 81' lang='lat' dir='ltr'><strong>Mara-</strong></span> 
     </span>
     <span class='ocr_line' id='line_1_20' title="bbox 177 1986 1448 2058; baseline -0.002 -18"><span class='ocrx_word' id='word_1_124' title='bbox 177 1988 365 2040; x_wconf 81' lang='lat' dir='ltr'><strong>fabaris</strong></span> <span class='ocrx_word' id='word_1_125' title='bbox 392 2001 567 2055; x_wconf 84' lang='lat' dir='ltr'><strong>portus</strong></span> <span class='ocrx_word' id='word_1_126' title='bbox 599 1987 666 2036; x_wconf 88' lang='lat' dir='ltr'><strong>est</strong></span> <span class='ocrx_word' id='word_1_127' title='bbox 685 2024 697 2045; x_wconf 95' lang='lat'>‚</span> <span class='ocrx_word' id='word_1_128' title='bbox 727 1986 774 2036; x_wconf 91' lang='lat' dir='ltr'><strong>se</strong></span> <span class='ocrx_word' id='word_1_129' title='bbox 793 2005 1041 2056; x_wconf 90' lang='lat' dir='ltr'><strong>recepere.</strong></span> <span class='ocrx_word' id='word_1_130' title='bbox 1083 1988 1325 2058; x_wconf 82' lang='lat' dir='ltr'><strong>Inibique</strong></span> <span class='ocrx_word' id='word_1_131' title='bbox 1353 2005 1448 2037; x_wconf 82' lang='lat' dir='ltr'><strong>ex-</strong></span> 
     </span>
     <span class='ocr_line' id='line_1_21' title="bbox 126 2077 1448 2151; baseline 0.001 -21"><span class='ocrx_word' id='word_1_132' title='bbox 126 2077 137 2089; x_wconf 86' lang='lat'>&#39;</span> <span class='ocrx_word' id='word_1_133' title='bbox 173 2081 442 2150; x_wconf 68' lang='lat' dir='ltr'><strong>&#39;pec‘tauere</strong></span> <span class='ocrx_word' id='word_1_134' title='bbox 515 2078 713 2130; x_wconf 82' lang='lat' dir='ltr'><strong>claffem</strong></span> <span class='ocrx_word' id='word_1_135' title='bbox 759 2092 909 2149; x_wconf 78' lang='lat' dir='ltr'><strong>atque</strong></span> <span class='ocrx_word' id='word_1_136' title='bbox 959 2081 1180 2132; x_wconf 86' lang='lat' dir='ltr'><strong>militem</strong></span> <span class='ocrx_word' id='word_1_137' title='bbox 1234 2082 1448 2151; x_wconf 84' lang='lat' dir='ltr'><strong>prouin-</strong></span> 
     </span>
     <span class='ocr_line' id='line_1_22' title="bbox 173 2170 1450 2242; baseline 0.002 -21"><span class='ocrx_word' id='word_1_138' title='bbox 173 2171 271 2222; x_wconf 82' lang='lat' dir='ltr'><strong>ciae</strong></span> <span class='ocrx_word' id='word_1_139' title='bbox 312 2170 577 2223; x_wconf 84' lang='lat' dir='ltr'><strong>Cambaiae</strong></span> <span class='ocrx_word' id='word_1_140' title='bbox 608 2210 622 2232; x_wconf 91' lang='lat'><strong>,</strong></span> <span class='ocrx_word' id='word_1_141' title='bbox 673 2186 829 2242; x_wconf 79' lang='lat' dir='ltr'><strong>quam</strong></span> <span class='ocrx_word' id='word_1_142' title='bbox 875 2176 1071 2227; x_wconf 87' lang='lat' dir='ltr'><strong>occisus</strong></span> <span class='ocrx_word' id='word_1_143' title='bbox 1127 2175 1241 2226; x_wconf 79' lang='lat' dir='ltr'><strong>Rex</strong></span> <span class='ocrx_word' id='word_1_144' title='bbox 1268 2175 1328 2225; x_wconf 85' lang='lat' dir='ltr'><strong>ad</strong></span> <span class='ocrx_word' id='word_1_145' title='bbox 1355 2192 1450 2225; x_wconf 46' lang='lat' dir='ltr'><strong>no*-</strong></span> 
     </span>
     <span class='ocr_line' id='line_1_23' title="bbox 177 2260 1450 2335; baseline 0.004 -23"><span class='ocrx_word' id='word_1_146' title='bbox 177 2260 301 2314; x_wconf 87' lang='lat' dir='ltr'><strong>stros</strong></span> <span class='ocrx_word' id='word_1_147' title='bbox 333 2283 397 2316; x_wconf 80' lang='lat' dir='ltr'><strong>ex</strong></span> <span class='ocrx_word' id='word_1_148' title='bbox 428 2264 535 2315; x_wconf 92' lang='lat' dir='ltr'><strong>Dio</strong></span> <span class='ocrx_word' id='word_1_149' title='bbox 586 2264 926 2335; x_wconf 83' lang='lat' dir='ltr'><strong>profligandos</strong></span> <span class='ocrx_word' id='word_1_150' title='bbox 957 2305 969 2325; x_wconf 86' lang='lat'><em>,</em></span> <span class='ocrx_word' id='word_1_151' title='bbox 1019 2279 1136 2317; x_wconf 86' lang='lat' dir='ltr'><strong>ante</strong></span> <span class='ocrx_word' id='word_1_152' title='bbox 1164 2266 1305 2317; x_wconf 84' lang='lat' dir='ltr'><strong>suam</strong></span> <span class='ocrx_word' id='word_1_153' title='bbox 1348 2284 1450 2318; x_wconf 83' lang='lat' dir='ltr'><strong>cae·</strong></span> 
     </span>
     <span class='ocr_line' id='line_1_24' title="bbox 177 2356 1451 2432; baseline 0.006 -27"><span class='ocrx_word' id='word_1_154' title='bbox 177 2356 296 2407; x_wconf 87' lang='lat' dir='ltr'><strong>dem</strong></span> <span class='ocrx_word' id='word_1_155' title='bbox 339 2359 392 2410; x_wconf 87' lang='lat' dir='ltr'><strong>in</strong></span> <span class='ocrx_word' id='word_1_156' title='bbox 421 2360 693 2408; x_wconf 74' lang='lat' dir='ltr'><strong>aduentum</strong></span> <span class='ocrx_word' id='word_1_157' title='bbox 735 2360 1033 2413; x_wconf 85' lang='lat' dir='ltr'><strong>Turcarum</strong></span> <span class='ocrx_word' id='word_1_158' title='bbox 1074 2374 1337 2412; x_wconf 81' lang='lat' dir='ltr'><strong>curauerat</strong></span> <span class='ocrx_word' id='word_1_159' title='bbox 1361 2381 1451 2432; x_wconf 81' lang='lat' dir='ltr'><strong>pa-</strong></span> 
     </span>
     <span class='ocr_line' id='line_1_25' title="bbox 177 2447 1456 2527; baseline 0.005 -27"><span class='ocrx_word' id='word_1_160' title='bbox 177 2449 299 2500; x_wconf 85' lang='lat' dir='ltr'><strong>rari.</strong></span> <span class='ocrx_word' id='word_1_161' title='bbox 344 2447 661 2504; x_wconf 74' lang='lat' dir='ltr'><strong>Mercatores</strong></span> <span class='ocrx_word' id='word_1_162' title='bbox 707 2466 858 2523; x_wconf 82' lang='lat' dir='ltr'><strong>atque</strong></span> <span class='ocrx_word' id='word_1_163' title='bbox 897 2456 1141 2527; x_wconf 83' lang='lat' dir='ltr'><strong>oppidani</strong></span> <span class='ocrx_word' id='word_1_164' title='bbox 1187 2457 1353 2509; x_wconf 84' lang='lat' dir='ltr'><strong>subito</strong></span> <span class='ocrx_word' id='word_1_165' title='bbox 1407 2457 1456 2507; x_wconf 89' lang='lat' dir='ltr'><strong>se</strong></span> 
     </span>
     <span class='ocr_line' id='line_1_26' title="bbox 176 2542 1454 2614; baseline 0.004 -18"><span class='ocrx_word' id='word_1_166' title='bbox 176 2542 312 2614; x_wconf 85' lang='lat' dir='ltr'><strong>fugae</strong></span> <span class='ocrx_word' id='word_1_167' title='bbox 358 2546 659 2598; x_wconf 84' lang='lat' dir='ltr'><strong>mandarunt</strong></span> <span class='ocrx_word' id='word_1_168' title='bbox 695 2586 708 2608; x_wconf 90' lang='lat'>‚</span> <span class='ocrx_word' id='word_1_169' title='bbox 753 2550 824 2600; x_wconf 78' lang='lat' dir='ltr'><strong>ita</strong></span> <span class='ocrx_word' id='word_1_170' title='bbox 863 2565 914 2602; x_wconf 82' lang='lat' dir='ltr'><strong>vt</strong></span> <span class='ocrx_word' id='word_1_171' title='bbox 958 2552 1093 2603; x_wconf 84' lang='lat' dir='ltr'><strong>intra</strong></span> <span class='ocrx_word' id='word_1_172' title='bbox 1141 2555 1357 2604; x_wconf 79' lang='lat' dir='ltr'><strong>biduum</strong></span> <span class='ocrx_word' id='word_1_173' title='bbox 1378 2552 1454 2601; x_wconf 87' lang='lat' dir='ltr'><strong>ci-</strong></span> 
     </span>
     <span class='ocr_line' id='line_1_27' title="bbox 172 2636 1451 2700; baseline 0.002 -12"><span class='ocrx_word' id='word_1_174' title='bbox 172 2636 309 2688; x_wconf 77' lang='lat' dir='ltr'><strong>uitas</strong></span> <span class='ocrx_word' id='word_1_175' title='bbox 337 2648 441 2690; x_wconf 78' lang='lat' dir='ltr'><strong>tota</strong></span> <span class='ocrx_word' id='word_1_176' title='bbox 466 2637 630 2691; x_wconf 86' lang='lat' dir='ltr'><strong>Dium</strong></span> <span class='ocrx_word' id='word_1_177' title='bbox 675 2639 810 2693; x_wconf 58' lang='lat' dir='ltr'><strong>faeta</strong></span> <span class='ocrx_word' id='word_1_178' title='bbox 837 2641 895 2693; x_wconf 80' lang='lat' dir='ltr'><strong>sit</strong></span> <span class='ocrx_word' id='word_1_179' title='bbox 921 2642 1130 2696; x_wconf 83' lang='lat' dir='ltr'><strong>deserta.</strong></span> <span class='ocrx_word' id='word_1_180' title='bbox 1175 2643 1404 2697; x_wconf 70' lang='lat' dir='ltr'><strong>Lusitani</strong></span> <span class='ocrx_word' id='word_1_181' title='bbox 1437 2678 1451 2700; x_wconf 91' lang='lat'><strong><em>,</em></strong></span> 
     </span>
    </p>

    <p class='ocr_par' dir='ltr' id='par_1_3' title="bbox 716 2729 1451 2801">
     <span class='ocr_line' id='line_1_28' title="bbox 716 2729 1451 2801; baseline -0.007 -16"><span class='ocrx_word' id='word_1_182' title='bbox 716 2729 770 2785; x_wconf 85' lang='lat' dir='ltr'><strong>K</strong></span> <span class='ocrx_word' id='word_1_183' title='bbox 1363 2732 1451 2801; x_wconf 77' lang='lat' dir='ltr'><strong>qui</strong></span> 
     </span>
    </p>
   </div>
  </div>
 </body>
</html>
