1998 3256
547 279 630 340 32
912 285 1195 324 DAMxANi
1250 290 1288 326 A
1336 289 1484 327 Gosss

511 399 652 448 tem,
694 387 834 440 dotes
871 390 925 441 in
975 392 1366 445 matrimonium
1411 394 1764 448 conferuntur,

512 477 661 532 Tum
687 481 842 532 etiam
868 501 1043 533 eorum
1072 484 1156 552 qui
1195 486 1336 553 graui
1372 486 1543 554 aliquo
1569 485 1773 537 incom-

512 571 669 623 modo
695 608 710 631 ‚
749 586 838 623 aut
860 574 1150 624 calamitate
1170 576 1309 642 pressi
1332 614 1346 635 ,
1374 578 1533 627 vitam
1559 577 1613 627 in
1635 596 1773 629 moe-

511 682 624 715 rore
643 702 657 723 ,
707 684 978 735 rerumque
1005 668 1230 736 angustia
1278 670 1470 720 trahere
1498 682 1770 738 coguntur.

512 757 638 824 Qio
687 758 743 808 fit
764 797 780 819 ,
849 773 902 810 vt
954 761 1235 815 multorum
1284 775 1392 813 tam
1442 762 1727 812 incolarum
1757 801 1772 822 ‚

511 866 668 915 quam
684 866 974 904 exterorum
1009 869 1204 909 mentes
1235 895 1249 916 ,
1277 859 1338 908 ad
1353 857 1671 925 largiendum
1698 858 1773 908 al-

514 936 657 990 liciat
714 957 984 1011 perpetuus
1033 945 1118 995 ille
1160 947 1284 997 ordo
1322 984 1336 1005 ‚
1383 947 1776 1014 incorruptaque

513 1032 644 1082 ratio
665 1036 826 1085 aerarii
850 1039 1121 1105 quotannis
1171 1040 1224 1089 in
1251 1058 1492 1110 pauperes
1541 1039 1781 1090 exhauri-

517 1122 655 1172 endi.
700 1123 854 1174 Nihil
883 1126 1023 1175 enim
1054 1126 1107 1175 in
1132 1146 1192 1176 eo
1216 1128 1443 1193 pecuniae
1464 1127 1594 1175 vltra
1619 1143 1784 1174 annu-

517 1233 609 1265 um
631 1228 838 1285 tempus
867 1218 1097 1267 asseruari
1128 1219 1204 1267 fas
1229 1219 1325 1276 est,
1371 1237 1464 1268 nec
1491 1218 1617 1268 item
1661 1233 1784 1284 pro-

519 1321 702 1361 uentus
727 1310 914 1360 habent
936 1346 951 1370 ,
997 1327 1088 1359 nec
1110 1327 1173 1360 ex
1193 1309 1420 1360 instituto
1443 1347 1458 1368 ‚
1483 1309 1785 1378 legibusque

521 1402 738 1454 sodalitii
770 1404 953 1454 habere
995 1403 1136 1453 licet.
1178 1403 1336 1471 Qod
1374 1402 1490 1453 sane
1529 1420 1591 1452 eo
1615 1402 1781 1470 magis

519 1497 859 1547 admiratione
901 1497 1117 1566 dignum
1142 1497 1341 1548 videtur
1362 1534 1377 1556 ‚
1399 1495 1536 1564 quod
1567 1512 1630 1545 ex
1657 1513 1782 1545 aera-

518 1587 598 1635 rio
630 1586 851 1653 amplius
877 1586 1058 1654 viginti
1100 1599 1318 1654 quatuor
1380 1601 1650 1636 aureorum
1690 1585 1786 1634 du-

524 1692 754 1730 catorum
789 1677 1018 1728 millibus
1059 1679 1113 1728 in
1152 1679 1371 1747 singulos
1410 1694 1572 1726 annos
1597 1677 1787 1727 constet

522 1773 787 1842 egentibus
807 1771 1024 1839 erogari.
1055 1770 1200 1837 Qiin
1227 1768 1487 1819 nonnullis
1512 1765 1660 1816 annis
1689 1782 1788 1814 nu-

526 1883 696 1914 merus
738 1863 1068 1931 quadraginta
1099 1862 1324 1919 millium
1350 1858 1560 1926 aequaffe
1600 1856 1678 1906 vel
1706 1855 1790 1905 su·-

528 1960 710 2028 perai'l'e
733 1996 745 2016 ,
768 1966 1097 2023 'compertum
1125 1955 1211 2006 est.

562 2051 669 2101 Sec
684 2064 849 2100 VNDO
877 2047 991 2098 loco
1010 2047 1232 2116 sequitur
1251 2045 1468 2096 alterum
1488 2041 1794 2093 Misericor-

527 2148 645 2203 diae,
667 2161 723 2194 ae
750 2142 1082 2192 humanitatis
1127 2140 1444 2209 exemplum,
1473 2133 1796 2187 valetudina«

528 2238 664 2290 rium
688 2233 924 2285 videlicet
951 2249 1230 2297 commune
1272 2247 1554 2299 pauperum
1589 2265 1606 2288 ,
1646 2222 1796 2276 infir-

524 2349 831 2399 morumque
851 2329 1143 2385 hominum,
1161 2325 1370 2376 nomine
1388 2322 1646 2376 Omnium
1664 2316 1796 2370 San-

531 2429 735 2479 &orum
757 2461 772 2484 ‚
794 2440 898 2474 non
924 2418 1302 2490 magnificentia
1326 2418 1659 2472 aedificorum,
1688 2427 1797 2465 non,

532 2519 830 2587 sumptuum
858 2512 1242 2583 magnitudine,
1263 2528 1366 2560 non
1407 2509 1622 2577 denique
1646 2500 1795 2554 beni-

536 2612 726 2678 gnitate
766 2626 880 2676 erga
904 2621 1143 2676 pauperes
1168 2640 1181 2661 ,
1223 2601 1375 2651 variis
1401 2597 1628 2668 corporis
1653 2588 1795 2642 moi·-

538 2706 616 2757 bis
642 2699 961 2753 conflictatos
985 2732 999 2754 ,
1033 2697 1082 2747 &c
1113 2693 1364 2762 expositos
1394 2689 1633 2754 infanteS,
1662 2688 1798 2749 quos

549 2775 555 2779 .
846 2770 847 2773 Ἰ
896 2768 898 2770 ¹
1077 2770 1081 2773 Ι
1194 2786 1197 2787 ’
1565 2775 1796 2832 Ιιυτῐὶεη-ι,
