1965 3256
580 226 683 277 240
930 229 1215 266 DAMIANI
1246 231 1285 267 A
1311 231 1459 269 GOES

543 331 681 399 quod
727 330 871 386 Deus
900 339 952 388 in
1001 355 1061 387 eo
1088 338 1267 388 mundi
1317 338 1543 408 persocia
1585 340 1841 396 creatione

543 428 807 493 quieuiss'et
837 469 853 488 ,
882 431 1135 484 seruamus
1166 472 1180 493 ‚
1211 452 1364 503 quem
1392 447 1444 484 vt
1470 437 1639 486 vocari
1683 439 1845 489 voluit

540 520 768 572 sanfflmm
801 523 1089 576 sanffloerum
1112 564 1123 584 ‚
1168 527 1239 576 ita
1266 528 1414 594 plane
1442 528 1693 580 videretur
1719 549 1844 581 con-

551 630 625 667 tra
659 619 769 670 eius
796 621 1108 671 voluntatem
1139 623 1187 672 ἃ
1215 634 1527 691 praeceptum
1579 621 1687 672 fieri
1715 660 1729 682 ,
1758 624 1849 692 qui

551 714 743 764 coelum
776 717 824 766 &
852 730 1038 767 terram
1082 717 1252 786 potius
1281 753 1295 774 ‚
1343 733 1499 783 quam
1547 714 1692 765 suum
1734 734 1849 767 ver-

553 805 678 857 bum
709 812 873 878 perire
901 813 1008 862 vult
1039 849 1052 871 ,
1083 810 1115 860 s1
1145 830 1263 863 cum
1293 831 1481 883 magno
1507 812 1699 862 honore
1729 848 1742 869 ‚
1793 826 1853 860 ae

562 903 812 974 religione
856 906 898 957 is
926 908 1032 978 dies
1079 925 1182 957 non
1226 909 1557 959 celebrare-tux
1589 945 1603 966 ‚
1649 905 1859 975 praeser-

558 997 653 1047 tim
682 1018 803 1049 cum
833 999 936 1067 ipse
966 986 1286 1050 CHRlsTVS
1315 1019 1418 1050 non
1462 1001 1525 1050 ad
1568 999 1870 1052 solvendum

559 1090 727 1158 legem
756 1127 770 1148 ,
803 1090 884 1140 sed
911 1091 972 1140 ad
999 1091 1322 1158 implendum
1361 1091 1577 1145 venerit.
1620 1090 1862 1160 Qapro-

558 1196 670 1251 pter
723 1198 827 1230 non
897 1180 960 1230 ad
1004 1179 1354 1230 imitationem
1384 1178 1701 1237 *Iudaeorum
1731 1220 1744 1241 ‚
1773 1178 1855 1230 sed

566 1272 691 1323 iuffu
722 1272 942 1324 Domini
972 1271 1124 1323 nostri
1154 1271 1297 1324 IESV
1329 1270 1573 1324 CHRST1
1610 1311 1625 1332 ,
1660 1275 1708 1325 ὅτ,
1735 1271 1863 1322 San-

566 1368 770 1418 &orum
802 1367 1165 1436 Apostolorum
1215 1388 1335 1421 eum
1384 1370 1641 1422 seruamus
1672 1405 1686 1426 ,
1736 1385 1871 1435 quo-

565 1480 681 1512 rum
737 1461 1034 1512 Iudaeorum
1088 1463 1249 1532 gratia
1310 1465 1364 1516 in
1408 1482 1501 1515 nos
1551 1458 1871 1512 Christianos

566 1558 811 1608 translata
836 1554 922 1606 est.
969 1555 1036 1607 In
1081 1575 1183 1625 quo
1222 1558 1303 1608 die
1355 1556 1560 1608 Sabbati
1589 1593 1604 1614 ,
1655 1565 1874 1622 excepto

576 1663 811 1717 tempore
839 1648 1254 1716 quadragesimali
1286 1686 1299 1707 ‚
1341 1665 1516 1698 carnes
1543 1645 1740 1712 semper
1786 1659 1877 1692 co-

575 1744 854 1794 medimus.
903 1743 965 1794 Id
992 1757 1165 1794 tamen
1194 1743 1248 1793 in
1275 1759 1434 1811 regno
1460 1740 1745 1807 Bernagaes
1776 1773 1789 1795 ,
1818 1750 1877 1784 ac

574 1833 732 1904 Tigri
762 1835 966 1888 Mahon
1017 1853 1122 1886 non
1174 1834 1398 1885 seruatur
1429 1871 1441 1892 ‚
1484 1847 1707 1900 quorum
1752 1829 1883 1878 duo-

575 1943 691 1977 rum
715 1945 992 1996 regnorum
1013 1927 1285 1994 indigenae,
1303 1942 1366 1975 ex
1388 1922 1542 1974 veteri
1560 1919 1882 1971 consuetudi-

580 2038 644 2071 ne
674 2058 687 2079 ,
716 2021 952 2071 carnibus
978 2021 1033 2071 in
1058 2020 1236 2070 diebus
1264 2016 1469 2069 sabbati
1499 2053 1513 2074 ,
1555 2015 1604 2064 &
1633 2009 1885 2063 Domini-

587 2117 661 2165 cis
688 2115 1206 2184 quadragesimalibus
1253 2112 1546 2164 vescuntur.
1592 2107 1756 2159 Diem
1795 2123 1887 2154 au-

595 2220 700 2256 tem
733 2207 1080 2258 Dominicum
1113 2245 1126 2267 ,
1172 2208 1221 2258 &
1259 2205 1428 2257 caeteri
1473 2197 1751 2252 Christiani
1777 2233 1790 2254 ‚
1834 2197 1895 2247 in

592 2299 901 2349 memoriam
956 2299 1223 2352 CHRISTI
1256 2292 1638 2350 resurreffionis
1665 2291 1893 2340 celebra-

594 2411 728 2443 mus.
776 2390 937 2440 Diem
963 2406 1135 2443 tamen
1162 2392 1367 2444 sabbati.
1394 2409 1458 2442 ex
1483 2388 1611 2459 legis
1660 2375 1805 2435 libris
1843 2380 1893 2430 &

588 2500 693 2536 non
719 2499 777 2530 ex
830 2484 1113 2552 Euangelio
1143 2485 1502 2536 celebrandum
1540 2479 1633 2531 effe
1682 2477 1886 2527 scimus·

595 2574 961 2628 Nihilominus
1009 2573 1353 2641 Euangelium
1400 2573 1558 2623 finem
1606 2568 1734 2636 legis
1763 2601 1776 2622 ,
1828 2581 1887 2615 ae

1871 2668 1898 2686 μ

602 2666 971 2735 Prophetarum
999 2663 1092 2716 esse
1118 2681 1222 2718 non
1252 2663 1570 2731 ignoramus.
1617 2655 1682 2708 In
1710 2653 1898 2722 quibu,

1743 2744 1851 2795 die-
