1931 3239
177 249 347 286 mnes
374 243 625 282 REmfflo
661 238 934 286 MORESQ
961 239 1258 278 AETHIOP.
1305 245 1405 298 2²3

143 360 182 415 ,',
206 370 348 406 mum
373 347 482 417 post
503 347 741 396 diuturna
779 358 930 413 atque
970 342 1140 410 aspera
1165 345 1297 394 bella
1344 348 1423 395 in-

141 462 182 510 ‚·,
208 459 415 498 ventum
460 440 527 490 est
567 441 695 498 iter,
743 437 876 506 quod
915 438 977 487 ad
1027 437 1220 506 (vulgo
1249 438 1422 488 Prete-

138 578 177 601 ‚,
203 554 353 606 gyam
375 532 762 602 nuncupatum)
789 529 1077 598 AEthiopiae
1107 530 1304 599 Regem
1334 547 1429 599 po-

130 640 172 690 ,',
198 629 534 681 tentissimum
558 627 729 686 ducit,
774 627 862 695 qui
907 644 1027 676 cum
1061 625 1300 675 vniversis
1346 643 1425 676 re-

132 737 411 790 ‚,gnorum
456 718 662 769 suorum
706 716 912 784 populis
959 714 1225 766 Christum
1275 715 1420 765 colit.

133 850 174 872 „
202 811 285 862 Ad
312 812 448 861 hunc
475 809 737 877 extemplo
778 809 891 859 Rex
913 822 1052 879 pater
1079 828 1222 860 meus
1252 808 1425 877 Lega-

134 938 173 961 ,‚
198 914 317 952 turn
338 899 570 959 destinat,
599 913 652 950 vt
672 899 733 948 ad
759 899 1105 950 obedientiam
1127 899 1310 949 sanetae
1340 897 1426 947 Se-

136 1029 172 1052 „
196 991 273 1041 dis
303 989 610 1059 Apostolicae
651 989 1024 1056 pertraheretur
1048 1027 1061 1048 ‚
1109 1003 1428 1059 opportuna-

137 1104 173 1145 ς,
201 1102 298 1152 que
318 1085 569 1132 narrando
589 1121 601 1140 ,
647 1083 696 1132 &
737 1082 1009 1150 aperiendo
1031 1084 1218 1132 certior
1244 1083 1427 1133 redde-

139 1216 178 1239 „
211 1191 348 1227 retur
367 1214 381 1235 ‚
421 1190 562 1226 tuam
591 1173 924 1224 San&itatem
947 1175 1000 1223 in
1042 1173 1167 1224 Sede
1194 1170 1329 1226 Petri
1352 1195 1431 1227 re-

139 1313 176 1336 „
204 1275 355 1324 sidere
382 1312 395 1333 ,
425 1275 473 1325 &
499 1273 712 1323 unicum
741 1273 833 1322 effe
867 1272 921 1322 in
943 1274 1087 1323 terris
1113 1272 1301 1325 Christi
1330 1276 1427 1326 Vi-

137 1402 174 1424 „
204 1365 400 1415 carium
429 1403 442 1422 ‚
481 1365 564 1414 cui
593 1383 772 1415 omnes
805 1364 1081 1416 Christiani
1104 1368 1269 1436 Reges
1298 1369 1423 1418 obe-

134 1492 174 1515 „
200 1457 448 1507 dientiam
476 1475 596 1506 curn
617 1458 817 1508 summa
838 1460 1163 1510 veneratione
1190 1461 1427 1529 praestare

133 1587 172 1609 ‚,
202 1552 592 1603 consueuiffent.
637 1553 753 1604 Nec
789 1555 956 1605 multo
986 1556 1124 1624 post,
1169 1557 1305 1606 idem
1328 1557 1428 1607 AE-

131 1678 171 1702 ‚‚
204 1644 416 1712 thiopiae
468 1645 582 1695 Rex
633 1664 753 1695 cum
805 1645 1061 1715 Legatum
1105 1649 1387 1699 remitteret
1423 1688 1436 1709 ,

134 1770 172 1792 „
200 1734 348 1785 suum
387 1735 544 1787 etiam
584 1737 854 1806 proprium
879 1742 928 1790 δε
966 1741 1263 1810 indigenam
1295 1779 1307 1799 ,
1339 1742 1426 1808 qui

134 1863 173 1886 ,,
202 1828 263 1876 ad
289 1846 408 1878 eum
440 1848 560 1881 cum
589 1833 857 1882 ·mandatis
901 1835 1095 1883 veniret
1123 1872 1134 1892 ‚
1163 1830 1426 1883 adiunxit.

145 1955 184 1978 ‚,
217 1917 312 1968 Sed
334 1919 542 1971 interim
568 1923 716 1972 Deus
741 1927 799 1973 ad
831 1924 876 1973 se
897 1926 1052 1992 patris
1075 1926 1177 1974 mei
1199 1924 1430 1973 animam

134 2052 173 2076 ‚,
200 2012 259 2062 ad
297 2010 481 2065 sanetae
519 2015 693 2085 gloriae
736 2017 1190 2086 participationem
1231 2018 1284 2066 in
1329 2033 1430 2065 cae-

127 2125 182 2170 ·,‚
213 2111 319 2159 lum
347 2112 561 2178 recepit.
606 2110 723 2161 Nec
752 2127 1101 2177 morajquum
1133 2128 1225 2159 nos
1249 2111 1300 2159 in
1328 2105 1437 2155 eius

119 2218 171 2260 ·‚,
197 2198 582 2250 succeffifl‘emus
646 2201 818 2250 locum
840 2238 853 2260 ,
920 2219 1128 2268 operam
1191 2200 1426 2250 dedimus

132 2328 171 2351 „
199 2309 318 2342 cum
346 2293 560 2343 ducibus
583 2292 758 2343 nostris
790 2333 802 2353 ,
845 2295 931 2362 qui
967 2308 1110 2344 erant
1150 2295 1203 2344 in
1236 2293 1387 2344 India
1414 2331 1427 2352 ,

136 2426 175 2448 ‚‚
204 2403 255 2440 vt
300 2391 434 2440 idern
490 2392 602 2442 Rex
639 2391 921 2462 AEthiopiae
975 2393 1035 2442 de
1065 2392 1224 2461 Regis
1272 2392 1433 2460 patris

116 2499 174 2540 ·‚‚
206 2484 307 2533 mei
336 2498 500 2534 morte
523 2484 708 2535 certius
738 2485 1045 2543 redderetur,
1078 2502 1196 2534 eum
1219 2503 1296 2543 ea,
1321 2502 1431 2552 quae

130 2610 170 2634 ,‚
192 2590 334 2642 pater
362 2593 510 2627 meus
540 2577 778 2645 praeclare
808 2596 899 2646 pro
923 2578 1018 2628 fide
1039 2576 1333 2628 Christiana
1355 2577 1435 2625 in-

133 2703 170 2729 „
191 2684 423 2741 ceperat,
465 2671 689 2722 omnino
719 2671 1142 2744 persequenda&
1170 2670 1439 2788 perficiet}-

1315 2778 1352 2800 ,‚
1381 2760 1397 2789 t
1415 2759 1441 2791 a
