1931 3239
481 264 942 302 HISPANIA
1382 280 1443 329 51

173 369 474 446 scoporum
530 372 589 428 δε
636 370 1010 447 Satraparum
1055 389 1193 446 opes
1223 372 1439 430 deseri..

172 474 396 529 buntur·
434 472 675 530 Habent
701 473 866 532 suum
892 474 1226 553 catalogum
1248 475 1442 534 Sancti

166 573 461 650 Hispani,
518 577 732 632 habent
784 576 893 631 viri
946 575 1180 633 eruditi.
1230 574 1433 633 Duces

162 695 390 753 quoque
422 679 577 735 bello
615 678 753 735 clari
783 678 843 734 in
873 678 968 734 sua
1015 698 1048 734 a
1073 694 1131 736 te
1161 677 1430 754 legitima

162 778 285 834 acie
315 778 612 836 constituti
640 778 792 835 sunt.
821 780 1063 837 Habent
1093 799 1318 838 merces
1346 779 1445 839 sua

164 879 284 937 fora
312 926 329 950 ‚
376 899 517 957 quas
566 880 857 959 Hispania
901 882 989 938 vel
1033 882 1285 960 accipit,
1351 883 1443 941 vel

163 979 360 1038 donat.
496 983 715 1059 enique
775 983 1152 1060 Antipodum
1225 1004 1436 1041 mune-

159 1103 220 1138 ra
250 1129 266 1152 ,
315 1104 448 1161 quae
483 1084 708 1162 duplici
751 1088 972 1144 ratione
1011 1086 1421 1164 Hispanorum

158 1179 323 1251 sunt,
370 1186 459 1242 vel
503 1187 663 1262 quod
712 1187 817 1262 ipfi
847 1190 995 1244 hanc
1025 1188 1230 1245 orbem
1259 1187 1438 1242 inue-

161 1301 367 1342 nerunt
393 1332 408 1355 ,
452 1288 539 1344 vel
586 1287 750 1363 quod
780 1286 881 1343 soii
914 1287 1050 1344 inde
1079 1287 1278 1343 omnia
1320 1285 1428 1342 de-

160 1403 416 1464 portant,
435 1389 495 1445 in
523 1389 649 1448 suas
677 1393 989 1469 apothecas
1013 1412 1045 1448 a
1075 1406 1130 1447 te
1157 1391 1440 1471 digerun-

163 1503 276 1546 tur.
315 1490 478 1561 Quid
516 1494 752 1551 multa?
805 1494 973 1551 Nihil
1004 1491 1261 1560 omnm,
1287 1496 1446 1570 quod

162 1597 235 1654 ad
270 1597 504 1655 laudern
552 1598 862 1675 Hispaniae
891 1598 1164 1675 pertinet,
1210 1600 1447 1677 Qam-

161 1701 408 1772 obrem,
443 1721 574 1778 quae
621 1703 768 1760 olim
823 1702 896 1759 de
945 1699 1236 1778 Hispania
1285 1701 1447 1782 lege-

160 1803 300 1861 bam
371 1806 568 1883 potius
649 1805 1039 1865 admiratione
1095 1824 1277 1880 quam
1330 1803 1446 1860 fide

161 1902 587 1981 prosequebar,
637 1928 792 1965 nune
845 1924 945 1964 tua
988 1906 1334 1963 authoritate
1357 1905 1446 1961 ef-

159 2011 286 2069 ficis
314 2059 330 2083 ‚
359 2026 424 2067 vt
472 2031 567 2067 me
596 2031 712 2068 non
757 2012 1009 2090 amplius
1052 2006 1445 2068 admirantem

159 2103 376 2185 solum,
414 2113 510 2173 sed
536 2116 596 2173 δε
622 2115 967 2174 credentem
992 2118 1270 2177 habeant.
1300 2117 1445 2175 Non

158 2215 313 2273 mihi
391 2216 509 2274 iarn
565 2218 920 2296 figmentum
974 2218 1246 2292 videtur,
1301 2240 1441 2276 auro

159 2319 400 2400 Tagum
434 2321 736 2379 turbidum
768 2322 948 2380 fluere
969 2370 985 2394 ‚
1019 2344 1198 2402 equas
1227 2346 1299 2384 ex
1330 2325 1444 2383 Fa-

157 2423 337 2482 vonio
360 2425 820 2486 subuentaneurn
851 2427 1070 2486 foetum
1113 2429 1443 2507 concipere,

154 2527 487 2606 meritoque
527 2529 675 2587 mihi
717 2530 906 2590 feeiffe
934 2529 1164 2590 videtur
1211 2530 1433 2608 Vespa-

156 2626 385 2702 fianuS,
441 2630 599 2708 quod
643 2630 926 2692 vniuersae
975 2631 1294 2710 Hispaniae
1347 2630 1439 2688 ius

1282 2755 1401 2814 La-
