1931 3239
189 235 363 277 rIDEs
392 229 642 272 mancio
669 225 946 275 MORESQ
975 224 1273 264 AETHIOP.
1333 230 1434 283 215

157 381 199 407 „
229 340 476 396 San&itas
501 349 588 386 tua
626 334 846 402 accipiet
873 336 932 385 de
959 351 1114 385 manu
1145 332 1314 382 fratris
1338 335 1442 382 mei

160 468 201 492 „
232 428 441 482 Ioannis
468 424 631 494 Regis
661 425 990 494 Portugalliae
1023 463 1036 484 ‚
1076 422 1170 474 filii
1200 422 1449 490 potentis-

161 565 199 590 „
225 526 336 577 fimi
395 522 554 591 Regis
607 520 967 572 Emmanuelis
1030 537 1120 587 per
1170 515 1450 569 Oratorem

154 657 198 681 ,‚
225 617 449 671 nostrum
490 614 824 668 Franciscum
854 613 1095 665 Aluares.

191 809 316 864 Aliae
342 808 552 861 Litterae
570 805 774 878 eiusdem
796 803 1020 857 Dauidis
1040 802 1302 872 AEthz'opt'ae
1327 803 1426 854 Im-

287 900 532 973 peratoris
581 899 648 949 ad
681 897 963 966 Pontificem
1015 894 1282 945 Romanum
1306 933 1323 955 ,

423 992 629 1064 scriptae
665 1010 786 1041 anno
823 987 1190 1042 MDXXIIII.

166 1217 204 1241 ‚,
234 1178 333 1302 F
359 1177 510 1230 ELIX
532 1175 713 1227 Sanfist
737 1187 876 1244 pater
897 1213 908 1231 ,
947 1174 1032 1242 qui
1055 1192 1083 1223 a
1104 1173 1220 1224 Deo
1246 1175 1453 1229 effefius

361 1284 412 1316 es
439 1265 696 1316 Gentium
723 1263 1038 1314 consecrator
1059 1301 1071 1321 ,
1099 1265 1147 1314 &
1172 1264 1453 1318 Saneaipe-

166 1399 205 1423 „
233 1364 297 1413 tri
327 1362 494 1412 sedem
521 1361 742 1412 obtines.
797 1358 929 1411 Tibi
983 1359 1108 1410 datae
1146 1360 1261 1410 sunt
1290 1363 1481 1413 claves*

168 1492 205 1515 ‚,
233 1455 377 1525 regni
421 1455 668 1505 caelorum
694 1492 706 1513 ,
760 1453 808 1503 &
853 1454 1216 1521 quodcumque
1261 1455 1456 1524 ligame-

166 1582 209 1606 „
239 1547 306 1597 ris
334 1548 413 1597 vel
443 1545 653 1597 solueris
676 1545 822 1613 super
848 1559 1031 1595 terram
1055 1570 1075 1604 ,‘
1121 1548 1215 1598 erit
1240 1548 1457 1618 ligatum

166 1678 207 1702 ,‚
226 1643 305 1694 vel
330 1643 551 1693 solutum
578 1644 626 1693 &
653 1643 704 1692 in
734 1643 871 1692 caelis
892 1682 905 1700 ,
960 1643 1083 1693 sicut
1133 1644 1265 1694 dixit
1295 1644 1453 1696 Chri-

162 1773 203 1797 „
231 1737 357 1798 stus,
388 1739 439 1789 &
467 1739 537 1788 ita
556 1739 609 1788 in
637 1736 922 1807 Euangelio
950 1738 1232 1789 Matthaeus
1254 1739 1448 1791 scribit.

168 1865 208 1888 „
238 1828 350 1898 Ego
374 1830 490 1881 Rex
516 1830 660 1880 cuius
689 1848 880 1880 nomen
923 1830 1094 1881 leones
1130 1844 1454 1888 venerantur,

168 1961 207 1986 ‚,
234 1926 283 1975 &
311 1925 412 1975 Dei
439 1927 599 1994 gratia
626 1924 818 1975 Athani
840 1925 1065 1993 Tinghil
1094 1963 1106 1983 ,
1130 1926 1179 1973 id
1206 1925 1272 1975 est
1300 1925 1454 1974 Thus

166 2055 209 2079 „
240 2017 473 2088 Virginis
502 2039 657 2071 vocor
679 2060 692 2080 ,
730 2024 868 2090 quod
894 2042 1081 2074 nomen
1112 2021 1178 2072 est
1206 2041 1233 2071 a
1261 2019 1458 2091 Baptis-

168 2147 211 2172 2,
249 2124 385 2161 mate
411 2149 423 2170 ,
452 2131 588 2162 nunc
654 2133 774 2165 vero
820 2114 1010 2184 inipso
1054 2114 1268 2184 suscepti
1310 2115 1453 2184 regni

169 2245 212 2270 „
240 2209 391 2260 initio
433 2211 660 2281 assumpsi
686 2232 877 2264 nomen
907 2213 1106 2272 David,
1155 2211 1373 2262 dilestus
1431 2231 1458 2261 a

170 2338 211 2361 „
242 2300 361 2353 Deo
383 2341 396 2362 ,
424 2306 664 2355 columna
690 2306 806 2357 fidei
827 2345 840 2365 ‚
893 2319 1138 2374 cognatus
1161 2305 1328 2373 stirpis
1363 2303 1454 2354 Iu-

177 2428 217 2450 „
246 2392 309 2442 da
332 2431 346 2452 ,
371 2395 506 2446 filius
535 2397 706 2448 David
735 2436 749 2456 ,
779 2398 915 2449 filius
944 2397 1235 2448 Salomonis
1263 2436 1274 2454 ‚
1317 2397 1453 2446 filius

168 2480 210 2541 '‚‚
238 2482 493 2535 columnae
515 2484 636 2537 Sion
656 2525 669 2547 ,
712 2487 846 2538 filius
867 2487 1074 2538 seminis
1106 2488 1291 2545 Iacob,
1318 2487 1452 2535 filius

170 2616 211 2640 „
239 2582 301 2631 de
326 2599 481 2632 manu
506 2582 690 2635 Mariae
713 2622 728 2643 ‚
768 2584 904 2635 filius
933 2585 1054 2636 Nau
1081 2605 1172 2653 per
1200 2600 1409 2635 carnem
1442 2619 1453 2637 ‚

167 2711 206 2738 ’²
236 2675 523 2748 Imperat&
545 2697 745 2752 magnae
764 2682 815 2732 ὅτ
842 2682 957 2734 altae
985 2681 1269 2752 AEthiopiae
1302 2721 1313 2739 ,
1345 2694 1454 2727 ma-

743 2779 816 2850 Q
1331 2803 1460 2853 gno-
