1965 3256
618 216 716 285 178
970 229 1256 265 DAMIANI
1288 228 1327 263 A
1353 227 1502 263 σου

563 371 600 396 ‚,
628 352 800 386 rorum
843 352 1000 404 genus
1030 373 1044 396 ,
1073 335 1122 386 ὅτ
1144 335 1240 384 hoe
1265 334 1433 402 ipsum
1459 329 1665 400 quidem
1696 347 1831 382 nune

564 465 601 487 ,‚
632 443 834 499 tempus
879 427 945 478 est
969 463 982 486 ,
1019 426 1154 495 quod
1182 423 1413 476 Christus
1438 421 1715 474 benedifiizr:
1734 422 1834 473 sua:

563 557 601 581 ‚‚
631 520 793 572 Matri
823 519 1052 570 futurum
1103 515 1348 588 promisit.

668 649 702 670 „
732 612 934 663 PORRO
984 608 1226 677 quicquid
1269 603 1462 657 Orator
1499 604 1662 656 noster
1689 602 1835 653 Mat-

559 740 597 763 „
625 699 786 750 thaeus
829 695 973 747 vobis
1017 694 1244 746 didimus
1283 690 1348 742 est
1373 730 1387 751 ,
1431 691 1483 741 id
1513 691 1648 741 velut
1694 709 1837 741 ano-

559 833 596 855 „
624 792 717 842 stra
750 788 973 859 ipsorum
1024 785 1234 856 persona
1260 783 1550 854 profeRum
1577 781 1796 850 accipite
1821 817 1836 838 ,

559 921 595 944 „
624 881 770 947 eique
797 877 949 926 fidem
995 876 1247 926 adhibete.
1293 872 1360 923 Et
1418 871 1664 941 siquidem
1711 886 1839 921 vnus
1898 890 1899 893 ¹

565 1007 602 1029 ,‚
639 970 771 1019 inter
807 965 982 1016 nostrae
1022 965 1147 1014 aulae
1175 963 1458 1031 praecipuos
1482 1001 1496 1021 ,
1525 975 1675 1032 &tque
1700 963 1766 1012 ob
1791 962 1843 1011 id

564 1094 600 1117 ‚‚
631 1056 781 1105 ilium
823 1052 885 1102 ad
929 1069 1018 1102 vos
1069 1051 1274 1101 mittere
1330 1050 1607 1101 voluimus.
1671 1050 1839 1101 Com-

560 1185 598 1208 ‚,
630 1145 928 1196 misissemus
979 1154 1150 1193 autem
1201 1141 1310 1192 haec
1357 1139 1528 1192 vestris
1598 1142 1839 1202 nunciis,

562 1278 603 1302 „
629 1255 758 1308 quos
798 1236 896 1285 huc
939 1232 1136 1301 legastis
1173 1270 1186 1292 ,
1223 1231 1303 1283 sed
1335 1232 1471 1302 cepit
1511 1250 1604 1282 nos
1639 1245 1842 1295 metus,

561 1370 598 1393 ,‚
634 1349 695 1381 ne
724 1326 887 1378 nostra
907 1325 1109 1393 negotia
1140 1360 1153 1381 ,
1197 1342 1302 1374 non
1345 1342 1408 1376 ex
1435 1322 1598 1378 nostra
1634 1323 1837 1380 senten-

564 1461 601 1486 „
632 1423 702 1479 tia
729 1418 875 1471 vobis
902 1430 1022 1466 nota
1051 1415 1237 1467 forent.

669 1552 705 1573 „
737 1510 1078 1562 MITTIMVS
1108 1509 1168 1559 ad
1192 1527 1280 1560 vos
1308 1527 1397 1578 per
1437 1509 1576 1560 hunc
1617 1509 1843 1563 nostrum

557 1646 594 1667 2,
620 1605 896 1661 Oratorem
934 1604 1251 1655 Matthaeum
1282 1641 1296 1662 ‚
1371 1601 1597 1654 Crucem
1649 1621 1803 1655 Vnam
1827 1644 1841 1667 ,

561 1735 601 1757 ,,
627 1697 815 1747 faustam
851 1697 984 1749 haud
1010 1694 1163 1745 dubie
1190 1712 1254 1744 ex
1282 1693 1436 1743 frusto
1462 1694 1592 1762 ligni
1622 1732 1636 1753 ,
1666 1691 1720 1741 in
1742 1713 1846 1762 quo

563 1826 600 1846 „
632 1787 865 1838 Seruator
904 1786 1066 1838 noster
1095 1783 1238 1836 Iesus
1291 1781 1523 1835 Christus
1565 1788 1840 1837 crucifixus

563 1878 728 1936 „fuit
756 1876 1153 1945 Hierosolymis.
1200 1873 1263 1928 Id
1310 1886 1479 1923 autem
1526 1873 1843 1929 sacrosan&

565 2006 606 2027 „
635 1968 762 2037 ligni
818 1968 1030 2019 frustum
1091 1984 1155 2017 ex
1224 1964 1601 2036 Hierosolymis
1645 1969 1709 2020 ad
1751 1984 1844 2018 nos

564 2100 601 2120 „
629 2063 840 2112 allatum
868 2061 954 2112 est.
999 2060 1158 2112 Porro
1186 2078 1250 2109 ex
1276 2060 1455 2110 eodem
1478 2061 1602 2111 duas
1623 2060 1844 2111 fecimus

575 2193 618 2215 „
641 2154 877 2210 Cruces:
919 2175 1093 2207 earum
1140 2156 1295 2206 altera
1338 2157 1545 2224 quidem
1581 2159 1715 2227 apud
1753 2177 1849 2209 nos

567 2280 606 2302 ,‚
634 2260 833 2307 manet,
884 2248 1095 2299 alteram
1135 2265 1252 2297 vero
1285 2247 1520 2297 dedimus
1557 2247 1634 2297 isti
1675 2248 1845 2299 nostro

567 2372 606 2394 ‚,
635 2335 844 2389 Oratori
873 2377 886 2397 ‚
939 2341 1001 2391 ad
1049 2359 1139 2391 vos
1193 2340 1568 2410 perferendam.
1614 2339 1846 2411 Lignum

570 2426 764 2495 „nigri
809 2428 993 2478 coloris
1035 2430 1101 2480 est
1131 2469 1145 2490 ,
1189 2432 1476 2501 pendetque
1536 2434 1602 2483 ab
1654 2433 1844 2500 exiguo

566 2554 609 2583 2,
638 2530 876 2587 argenteo
900 2520 1112 2572 annulo.

681 2648 717 2677 ,‚
747 2607 1104 2665 CAETERVM
1161 2612 1195 2662 sl
1245 2616 1389 2669 vobis
1440 2615 1604 2671 visum
1652 2611 1805 2669 fuerit
1834 2645 1848 2669 ι

1731 2715 1815 2761 aut
