1965 3223
573 182 672 251 358
894 196 1174 233 DAMIANI
1208 197 1246 233 A
1276 197 1423 233 coi-:3

713 298 823 351 His
882 300 1159 351 inconditis
1211 300 1522 352 clamoribus
1573 313 1821 368 quatenus

538 388 645 444 fieri
670 392 835 462 potuit
886 391 1065 442 sedatis
1099 430 1112 452 ‚
1159 407 1346 461 quanta
1395 392 1622 443 maxima
1664 393 1825 443 valuit

538 489 734 539 ratione
761 488 980 556 prudens
1015 489 1292 557 imperator
1343 486 1556 539 ostendit
1585 525 1598 547 ,
1639 503 1827 557 quanta

537 585 677 637 clade
704 582 793 633 fibi
819 583 1023 651 cognita
1047 583 1163 633 effet
1189 582 1407 634 hostiurn
1450 583 1730 651 pertinacia
1772 584 1824 634 &

545 676 775 746 potentia
826 714 839 735 ‚
895 694 1049 745 quam
1097 676 1147 727 se
1195 694 1287 744 pro
1353 675 1579 728 militum
1626 677 1828 727 raritate

539 787 632 819 nec
659 769 861 819 vincere
889 807 902 828 ‚
952 787 1042 819 nec
1073 768 1124 818 su
1174 769 1311 818 inere
1354 769 1486 836 poffe
1513 807 1527 828 ,
1569 768 1685 819 satis
1736 784 1828 816 ex-

540 863 794 933 ploratum
822 862 1048 911 haberet.
1093 768 1271 927 {iare
1321 863 1384 911 ad
1416 861 1567 913 castra
1613 861 1827 932 potesta-

538 969 642 1004 tem
671 953 825 1002 eundi
856 969 1119 1019 nunquam
1149 951 1197 999 se
1223 952 1326 1000 illis
1351 951 1528 1020 sponte
1553 953 1636 1003 sua
1661 954 1828 1004 fa&u-

539 1060 650 1095 rum
673 1079 685 1100 ,
711 1059 802 1092 nec
830 1054 1069 1110 praeterea
1096 1040 1364 1091 confilium
1389 1042 1622 1093 daturum
1652 1081 1666 1103 ‚
1694 1040 1829 1110 quod

541 1133 788 1182 omnib-us
819 1131 986 1201 postea
1035 1125 1383 1200 perniciosum
1426 1132 1594 1183 foret:
1643 1150 1784 1185 orare
1813 1163 1834 1189 ,-

539 1239 591 1277 vt
637 1226 691 1288 in
731 1237 874 1273 tanto
926 1240 1094 1273 rerum
1140 1223 1440 1274 discrimine
1470 1261 1483 1282 ,
1535 1224 1829 1292 prudentius

541 1306 695 1384 quam
748 1314 986 1365 audacius
1020 1314 1212 1365 bellum
1239 1316 1530 1367 tractarent.
1572 1315 1716 1367 Alias
1742 1334 1831 1385 per

540 1408 807 1461 audaciam
836 1407 1006 1457 minus
1035 1419 1331 1475 peccaturos
1360 1429 1372 1459 :
1404 1424 1540 1458 nunc
1568 1406 1644 1456 vel
1671 1406 1828 1456 mini-

542 1515 688 1550 mum
738 1513 962 1546 errorem
1016 1495 1180 1546 Indiae
1218 1497 1433 1565 imperio
1477 1492 1829 1565 perniciofiffi-

543 1606 693 1642 mum
724 1588 851 1640 fore„
898 1588 1044 1640 Nam
1070 1589 1208 1658 quod
1252 1591 1489 1640 rebantur
1517 1625 1530 1647 ,
1575 1587 1675 1637 vile
1722 1584 1828 1634 illic

543 1687 725 1755 vulgus
775 1704 831 1735 ac
859 1686 1142 1756 gregarium
1170 1685 1417 1735 obsidioni
1469 1669 1735 1737 incubare.
1776 1679 1826 1729 δι’

543 1781 705 1831 multo
733 1781 956 1831 minores
983 1799 1131 1850 quam
1181 1799 1272 1849 pro
1313 1780 1450 1830 fama
1497 1778 1670 1844 copias
1695 1773 1785 1824 effe
1812 1811 1826 1833 ,

543 1875 599 1924 in
626 1875 741 1924 ineo
769 1873 899 1943 ipsos
930 1892 1238 1943 magnopere
1290 1873 1419 1924 falli.
1466 1871 1611 1938 Qin
1662 1870 1830 1940 potius

545 1966 700 2015 adesse
753 1966 824 2015 ibi
883 1968 1038 2016 totius
1100 1965 1301 2033 imperii
1355 1962 1626 2014 Cambaici
1676 1961 1825 2011 vires.
1871 1972 1874 1975 '

547 2058 705 2126 Qiod
750 2057 783 2106 si
822 2056 983 2124 spreta
1025 2055 1233 2107 militari
1284 2054 1554 2122 disciplina
1582 2091 1595 2112 ,
1648 2048 1830 2102 iniussu

552 2146 877 2217 imperatoris
909 2183 923 2204 ‚
955 2145 1274 2215 eruptionem
1303 2145 1468 2196 facere
1495 2143 1794 2194 molirentur
1814 2174 1834 2196 ,v

551 2244 597 2292 se
624 2242 838 2290 minime
866 2240 1097 2308 gentium
1124 2253 1213 2288 eos
1247 2238 1300 2287 in
1321 2250 1460 2288 tanta
1493 2234 1726 2288 vecordia
1751 2233 1832 2284 su-

549 2333 933 2399 bsequuturum.
966 2330 1053 2379 Sin
1084 2328 1261 2398 (quod
1287 2329 1469 2380 melius
1507 2325 1788 2395 reffi'tiusque
1816 2357 1844 2382 ,-
1908 2354 1914 2356 v

548 2427 599 2476 &
635 2423 769 2492 quod
793 2421 906 2488 ipsis
936 2457 949 2477 ,
1002 2434 1054 2469 vt
1082 2419 1299 2470 fortibus
1325 2421 1373 2470 &
1400 2418 1729 2488 prudentibus
1756 2413 1833 2464 v-i-

558 2522 626 2573 ris
661 2514 1010 2585 ,potiffimum
1047 2514 1316 2563 conueniat
1346 2511 1362 2580 )
1394 2513 1535 2564 ducis
1558 2509 1833 2579 imperium

553 2613 920 2679 consiliumque
961 2605 1306 2675 respicerent,
1345 2607 1393 2658 se
1436 2603 1694 2676 imprimis
1741 2614 1837 2646 aud

1684 2689 1793 2741 &tosa
