1965 3256
569 237 695 304 2184
979 255 1264 293 DAMlAm
1313 258 1352 293 A
1396 257 1539 296 GOEs

552 358 763 410 Litterae
793 355 1082 430 sereniſjimi
1129 361 1353 414 Davidis
1396 364 1659 434 Aethiopiae
1715 364 1816 419 Im-

612 450 857 522 peratoris
899 451 968 501 ad
985 452 1363 514 Emmanuelem,
1400 456 1720 524 Portugalliae

689 543 790 594 δῖε.
822 542 1000 610 Regem
1031 545 1259 616 ‚scriptae
1281 547 1415 598 Anno
1446 564 1644 601 MDXX.

549 755 627 905 Ι
655 845 714 898 Ν
741 848 951 898 nomine
982 846 1083 898 De}
1114 848 1277 901 Patris
1302 887 1315 909 ‚
1366 850 1436 900 vti
1463 848 1656 920 semper
1683 849 1781 901 fuit
1803 890 1817 910 ,

547 981 584 1006 ‚,
614 941 697 991 cui
748 961 855 992 non
916 941 1176 994 inuenitur
1223 944 1537 1013 principium
1578 964 1589 993 :
1647 941 1817 995 nomi-

547 1069 584 1091 „
614 1051 678 1082 ne
727 1033 830 1083 Dei
868 1032 963 1082 filii
1004 1033 1143 1082 vnici
1172 1069 1187 1091 ,
1235 1033 1324 1100 qui
1362 1033 1432 1083 est
1495 1031 1673 1084 similis
1723 1034 1770 1084 ei
1802 1069 1818 1091 ‚

545 1162 583 1184 2,
611 1140 884 1194 antequam
914 1125 970 1175 sit
997 1126 1159 1176 visum
1198 1127 1374 1176 lumen
1401 1125 1653 1177 stellarum
1678 1163 1692 1186 ,
1728 1145 1821 1176 an-

543 1256 584 1279 „
611 1231 818 1288 tequam
871 1231 1083 1290 poneret
1133 1218 1466 1271 fundamenta
1504 1220 1658 1272 maris
1709 1217 1821 1269 Oc-

544 1351 582 1373 „
611 1315 754 1364 ceani
781 1352 795 1372 ‚
864 1313 967 1365 alio
1031 1326 1204 1364 autem
1265 1327 1496 1384 tempore
1545 1325 1821 1381 conceptus

546 1444 586 1467 ‚‚
613 1408 713 1459 fuit
755 1410 809 1460 in
860 1421 1001 1460 vtero
1031 1407 1264 1478 Virginis
1289 1446 1303 1469 ,
1353 1408 1455 1459 fine
1480 1407 1670 1458 semine
1696 1406 1820 1458 viri-

546 1542 582 1566 „
611 1504 678 1565 li,
706 1506 756 1556 &
797 1504 899 1555 fine
926 1503 1142 1574 nuptiis,
1188 1503 1251 1554 In
1279 1504 1414 1555 hunc
1440 1503 1579 1554 enim
1607 1501 1820 1552 modum

543 1633 582 1659 ,ι
608 1598 821 1655 scientia
862 1610 967 1650 erat
1011 1597 1166 1649 officii
1195 1596 1324 1646 eius.
1370 1593 1431 1644 In
1463 1594 1675 1644 nomine
1723 1592 1818 1643 Pa-

543 1727 581 1750 „
607 1690 784 1741 radet}
840 1691 1058 1758 Spiritus
1102 1690 1382 1742 sanssitatis
1416 1726 1430 1747 ‚
1466 1687 1555 1756 qui
1579 1685 1670 1736 scit
1691 1703 1819 1736 cun-

544 1819 581 1842 „
611 1781 692 1832 &a
744 1781 932 1832 secreta
960 1817 975 1840 ,
1029 1798 1140 1850 quae
1191 1780 1304 1831 sunt
1333 1816 1348 1839 ,
1390 1778 1473 1829 vbi
1502 1790 1648 1848 antea
1675 1775 1771 1826 fuit
1801 1813 1816 1835 ,

541 1911 581 1933 „
609 1874 848 1923 omniurn
894 1871 1088 1922 scilicet
1121 1870 1454 1924 altitudinum
1503 1868 1655 1925 coeli,
1679 1864 1817 1935 quod

540 2003 579 2025 ‚‚
611 1966 711 2015 fine
737 1964 995 2016 columnis
1025 2001 1039 2023 ‚
1081 1964 1131 2014 &
1157 1962 1344 2031 absque
1383 1962 1498 2012 vllis
1539 1960 1820 2013 fulcimen-

540 2093 579 2114 „
613 2056 677 2106 tis
719 2055 986 2106 sustinetur
1014 2092 1028 2112 ,
1071 2055 1159 2124 qui
1202 2051 1540 2122 amplificauit
1585 2063 1774 2102 terram
1799 2088 1815 2113 ‚

541 2186 577 2207 ‚,
609 2168 721 2216 quae
769 2164 914 2202 antea
939 2168 1044 2200 non
1080 2161 1185 2200 erat
1208 2160 1374 2198 creata
1401 2185 1417 2207 ,
1446 2162 1538 2196 nec
1565 2145 1774 2214 cognita
1798 2181 1814 2203 ,

540 2278 578 2300 υ
607 2243 667 2291 ad
707 2261 886 2294 omnes
925 2256 1090 2312 partes
1135 2244 1197 2294 ab
1224 2255 1341 2292 ortu
1388 2240 1451 2291 ad
1495 2235 1734 2289 occasum
1768 2237 1820 2287 &

542 2370 579 2393 „
606 2353 635 2384 a
664 2334 1005 2403 septentrione
1050 2338 1112 2388 ad
1149 2336 1393 2388 austrum.
1436 2333 1556 2386 Nec
1606 2331 1693 2384 iste
1743 2329 1816 2381 est

542 2461 585 2482 ³,
608 2424 805 2492 primus
837 2463 850 2483 ‚
880 2428 958 2476 vel
1006 2428 1252 2478 secundus
1276 2465 1291 2487 ,
1342 2426 1426 2476 sed
1471 2425 1539 2476 est
1562 2422 1805 2476 Trinitas

544 2554 580 2575 ,‚
610 2517 885 2567 coniune‘ta
911 2518 964 2567 in
990 2535 1091 2567 vno
1118 2531 1310 2568 aeterno
1357 2517 1608 2569 Creatore
1636 2526 1808 2565 rerum

543 2646 581 2668 „
608 2611 845 2661 omnium
865 2648 877 2670 ‚
906 2611 967 2660 ab
996 2628 1097 2659 vno
1131 2622 1333 2659 tantum
1365 2610 1577 2661 consilio
1595 2645 1610 2667 ,
1638 2607 1689 2657 &
1711 2621 1809 2654 vno

544 2739 581 2761 2,
609 2705 761 2756 verbo
788 2723 875 2774 per
903 2703 1083 2755 saecula
1108 2701 1432 2755 saeculorum.
1465 2700 1658 2752 Amen.

1702 2783 1816 2838 Has
