1931 3239
214 214 308 269 ’ΒΕ
349 228 538 268 REBvs
584 227 656 263 Εἰ·
687 227 947 263 1MP1-:R10
995 228 1195 268 LvsrT.
1281 237 1382 289 159

179 331 529 386 Emmanuelis
550 331 734 388 essem,
782 329 960 398 saepius
1011 332 1115 381 vidi
1169 329 1434 400 Olifipone

175 425 301 475 fieri.
371 420 616 472 Ceterum
682 418 818 488 fiqua
852 420 988 472 istius
1033 422 1104 472 rei
1157 422 1303 491 culpa
1331 423 1396 472 est
1424 459 1438 481 ,

175 535 234 567 ea
271 515 403 582 apud
439 513 568 564 solos
602 512 717 563 istos
758 513 1066 564 tabernarios
1099 551 1112 572 ‚
1158 514 1394 584 propolas
1425 551 1438 573 ,

168 609 219 658 δε
246 606 494 658 institores
540 605 694 657 haeret
718 644 732 665 ,
763 606 945 675 quibus
973 606 1102 657 nihil
1132 605 1288 657 sancti
1319 644 1332 664 ,
1360 607 1442 656 ni-

174 701 209 751 fi
232 705 369 772 quod
401 720 521 753 cum
565 702 707 752 lucro
738 702 1080 752 cuniuncfflm
1103 701 1191 752 est.
1247 701 1376 753 Haec
1402 701 1437 752 sl

170 792 324 845 Iouio
369 808 631 863 comperta
681 793 880 843 fuiffent
906 812 1008 844 non
1037 794 1225 844 nostras
1262 793 1439 843 laudes

168 886 441 945 arrofiffet,
492 886 572 937 sed
617 884 839 953 benigna
890 885 1252 952 praedicatione
1300 882 1437 933 cele-

166 980 341 1031 brasset
362 1020 375 1040 ,
419 982 556 1049 quod
583 982 657 1031 illi
683 1020 696 1040 ,
718 981 782 1030 ob
819 980 1128 1031 terfiffimam
1149 980 1437 1048 eloquenti-

167 1087 250 1120 am
280 1108 293 1130 ,
338 1073 388 1121 &
417 1072 566 1123 facile
596 1110 609 1130 ,
651 1071 701 1121 &
727 1071 1025 1138 expeditum
1075 1070 1256 1121 sufflet,
1305 1069 1433 1120 Haec

172 1161 233 1211 ad
304 1163 552 1215 Diensem
605 1165 1048 1232 oppugnationem
1078 1201 1091 1223 ,
1143 1165 1204 1214 de
1242 1166 1435 1216 nostro-

166 1272 280 1304 rum
303 1254 662 1307 Lusitanorum
707 1255 854 1324 gestis
886 1292 898 1313 ,
931 1257 980 1306 &
1003 1253 1174 1304 obiter
1219 1257 1382 1306 adieci
1416 1297 1430 1317 ,

167 1344 237 1394 vti
287 1363 374 1414 per
399 1359 445 1395 te
498 1349 680 1416 (cujus
719 1346 1008 1415 amplitudo
1060 1346 1255 1396 summa
1317 1340 1428 1407 est)

164 1438 378 1504 gratiam
406 1439 628 1506 aliquam
653 1477 665 1498 ,
693 1440 741 1490 ἃ
769 1439 1275 1490 commendationem
1305 1438 1423 1487 huic

164 1523 627 1593 disceptatiunculae
682 1529 857 1578 nostrae
898 1528 1232 1579 conciliarem
1267 1566 1280 1586 ,
1326 1547 1427 1596 quo

165 1612 252 1664 illa
281 1635 342 1667 ex
383 1630 469 1667 tua
493 1619 800 1669 authoritate
850 1621 1110 1671 maiorem
1163 1619 1347 1688 vbique
1366 1618 1426 1668 fi-

165 1704 284 1760 dem
334 1723 625 1761 mereretur.
673 1710 820 1763 Vale.

1292 2683 1453 2768 FI-
