1931 3239
311 226 546 271 DIENSIS
595 223 775 262 vkssts
806 222 1204 263 OPPVGNATIO
1285 233 1382 285 123¹

153 315 578 402 natibusquecum
605 329 804 382 Turcis
843 330 1138 381 coniunffis
1162 330 1302 381 mico
1327 333 1422 382 so-

150 432 368 483 limanus
390 422 654 474 admoueri
671 420 872 473 classem
891 423 940 472 ὃ(
963 435 1080 471 ante
1109 439 1285 471 muros
1313 421 1435 481 Dii,

153 524 215 576 ad
261 519 427 569 ietum
483 517 775 567 bombardae
822 516 939 586 ,figi
972 533 1217 566 ancoram
1249 515 1431 575 iubet,

146 625 299 680 atque
346 609 512 660 subito
532 624 596 659 ex
624 610 840 659 nauibus
871 609 1097 676 quinque
1126 609 1295 659 millia
1323 611 1433 660 mi·-

149 710 305 760 litum
355 705 622 775 praemittit
651 741 665 763 ,
701 706 752 756 &
797 718 1007 755 centum
1052 705 1434 775 quinquaginta

147 813 404 854 tormenta
430 799 613 850 bellica
641 838 656 860 ,
686 801 819 851 inter
870 820 984 869 quae
1027 801 1213 869 viginti
1259 800 1434 851 bafili-

147 897 220 951 sci
248 901 389 945 erant
418 929 432 951 ,
473 893 524 944 &
572 893 799 961 quinque
843 894 942 943 alia
971 932 984 952 ,
1013 893 1274 962 lapideum
1317 895 1433 962 glo-

148 991 275 1039 bum
314 988 503 1056 septem
529 987 823 1055 palmorum
849 988 1167 1038 craffitudine
1210 989 1425 1038 eiicien-

152 1083 254 1132 cia.
302 1080 520 1130 Interim
540 1079 663 1130 dum
687 1092 940 1130 tormenta
966 1083 1240 1138 vehuntur,
1271 1097 1435 1132 vnum

152 1173 209 1223 in
235 1172 425 1223 littoris
474 1191 624 1222 arena
674 1171 990 1226 submersum
1019 1175 1086 1225 est
1124 1213 1138 1234 ,
1175 1194 1270 1225 nec
1320 1194 1434 1226 am-

154 1266 584 1336 pliusaeapparuit.
629 1263 769 1316 Cum
796 1267 1021 1334 primum
1052 1269 1103 1319 in
1125 1282 1308 1320 terram
1347 1271 1436 1319 de-

162 1356 455 1408 scendiss'ent
484 1356 674 1406 milites
705 1394 718 1416 ,
748 1356 889 1408 illico
934 1358 982 1408 se
1032 1360 1279 1410 exercitui
1304 1358 1437 1411 Coie

166 1444 349 1497 Cofari
372 1446 668 1496 adiunxere.

260 1537 570 1599 SEQENm
601 1537 683 1587 die
721 1539 864 1588 nullo
903 1540 1066 1591 adhuc
1091 1542 1278 1592 timore
1327 1557 1427 1593 ter-

149 1633 235 1686 riti
267 1670 281 1691 ,
329 1632 412 1682 sed
457 1632 646 1682 fiducia
687 1633 1034 1684 multitudinis
1076 1636 1236 1694 elati,
1287 1637 1434 1686 nullo

148 1727 328 1776 ordine
357 1723 552 1775 seruato
584 1762 598 1783 ,
645 1744 802 1795 prope
843 1743 1017 1776 muros
1063 1727 1192 1776 arcis
1231 1727 1431 1796 aliquot

151 1818 339 1866 domos
366 1852 379 1874 ,
423 1816 476 1865 in
509 1817 693 1884 quibus
744 1818 907 1867 adhuc
954 1817 1206 1868 habebant
1279 1819 1435 1868 nostri

151 1923 391 1975 magnam
418 1906 795 1958 frumentorum
846 1910 1048 1977 copiam
1070 1949 1083 1969 ,
1104 1909 1317 1957 veniunt
1345 1909 1435 1958 de·

155 1995 461 2066 praedatum.
507 1993 633 2044 Dux
662 1996 822 2046 noster
848 1995 1110 2047 Antonius
1147 2015 1176 2046 a
1208 1997 1436 2066 Sylueira

150 2106 274 2141 cum
300 2106 384 2139 eos
411 2087 729 2158 perspexisset
777 2090 830 2140 in
857 2090 972 2141 loco
1017 2094 1143 2144 caedi
1180 2109 1422 2143 commo-

151 2182 239 2240 do,
268 2192 521 2232 tormenta
545 2182 740 2251 aliquot
788 2184 978 2234 dimota
1005 2183 1171 2234 ineam
1200 2198 1423 2251 partem,

158 2292 258 2343 qua
277 2274 621 2344 graffabantur
649 2311 664 2334 ,
693 2277 954 2326 exonerari
984 2277 1110 2327 iussit
1137 2316 1150 2337 ,
1176 2295 1280 2347 quo
1307 2275 1427 2326 stra-

152 2380 403 2436 tagemate
461 2369 717 2420 desiderati
782 2370 896 2421 sunt
940 2372 1066 2421 vltra
1110 2387 1322 2422 centum
1378 2372 1427 2421 <Sc

151 2457 545 2528 quinquaginta,
570 2461 737 2511 caeteri
766 2460 932 2512 subito
958 2461 1005 2512 se
1030 2480 1092 2513 ex
1114 2481 1175 2512 eo
1205 2463 1322 2513 loco
1344 2478 1422 2510 re«

148 2563 412 2618 ceperunt.
455 2549 733 2621 Extemplo
790 2551 985 2604 Turcae
1012 2571 1135 2604 cum
1161 2552 1296 2605 Coie
1320 2552 1424 2600 rni-

148 2643 325 2698 litibus
365 2658 588 2701 terreum
620 2664 858 2720 aggerem
898 2649 1212 2720 prouoluunt
1241 2685 1256 2707 ‚
1311 2661 1425 2713 <3¹¹ae

734 2735 788 2790 K
810 2752 842 2795 3
1275 2751 1390 2786 mo-
