1931 3239
295 248 372 286 DF
404 247 594 285 BELLO
627 220 961 287 cAMBAlco
995 252 1122 289 SEC.
1242 252 1349 305 299

119 354 345 433 pridem
416 352 770 412 emiserimus
825 361 843 429 (
879 354 1035 432 quod
1075 353 1221 411 mihi
1265 375 1384 414 non

117 454 189 511 ad
217 448 543 508 iastantiam
573 449 791 529 ingenii
823 497 837 519 ,
880 449 971 506 sed
1018 448 1088 507 ad
1119 449 1384 508 testimo..

113 554 277 610 nium
323 549 529 606 laboris
571 549 794 609 dicium
850 549 1076 623 velim)
1131 551 1385 628 priorem

110 653 271 713 illam
336 652 613 711 Diensem
664 652 1167 731 oppugnationem
1202 698 1218 721 ‚
1284 651 1383 709 vbi

108 755 170 813 in
202 757 317 813 fine
339 755 601 832 opuiculi
653 755 923 813 adiuncta
972 756 1051 813 est
1105 756 1384 814 nonnulla

109 856 632 936 disceptatiuncula
670 876 807 914 cum
853 856 1028 915 Paulo
1063 856 1227 914 Iouio
1258 856 1384 912 viro

105 962 486 1022 disertissimo,
560 960 791 1019 Deinde
847 963 1027 1019 fioem
1073 1008 1088 1032 ‚
1140 981 1329 1018 mores
1374 1009 1391 1033 ‚

105 1067 550 1144 potentiamque
581 1064 941 1140 Aethiopum
975 1111 987 1131 ‚
1013 1064 1110 1140 qui
1154 1064 1256 1119 sub
1285 1066 1383 1121 lo-

106 1189 255 1228 anne
283 1169 548 1228 Precioso
574 1217 588 1239 ,
612 1171 727 1228 siue
761 1178 849 1243 (vt
878 1186 1028 1224 nunc
1057 1167 1379 1242 loquimur)

105 1271 211 1330 sub
244 1271 457 1329 Ioanne
503 1271 844 1350 Presbytero
875 1269 1094 1348 degunt
1124 1315 1139 1338 ,
1169 1267 1383 1344 scripto

100 1378 424 1456 prodimus,
474 1380 541 1437 In
570 1399 686 1456 quo
740 1378 974 1445 libello,
1045 1375 1170 1431 vice
1215 1393 1384 1430 coro-

103 1482 256 1540 nidis
280 1532 295 1555 ,
321 1481 737 1561 deplorandam
773 1480 1129 1557 Lappiorurn
1157 1477 1226 1534 aci
1255 1477 1384 1555 gla-

104 1586 310 1644 cialem
365 1587 670 1644 Oceanum
697 1587 1039 1667 degentium
1078 1581 1383 1641 calamita-

102 1702 224 1748 tem
296 1688 474 1748 Paulo
519 1688 689 1747 tertio
761 1688 1032 1747 Pontifici
1076 1683 1387 1763 proposui-

101 1813 253 1851 mus,
319 1793 603 1851 Praeterea
675 1795 1099 1874 Hispan-iarum
1188 1791 1337 1848 vires
1364 1836 1382 1860 ‚

99 1913 269 1970 οΡ-ῑε,
317 1893 870 1972 faecunditatemque
894 1897 1042 1953 libro
1085 1890 1386 1966 complexi

104 1997 326 2060 sumus,

261 2102 460 2160 Hrscn
509 2100 1122 2159 commentatiunculis
1179 2146 1194 2170 ‚
1240 2100 1379 2160 licet

99 2202 259 2282 quafi
306 2202 616 2280 fatigatuS‚
647 2200 847 2257 rudem
882 2202 1068 2272 mihi,
1119 2202 1217 2260 etfi
1266 2222 1386 2260 non

96 2301 159 2360 in
181 2323 562 2384 perpetuum,
611 2303 811 2361 saltem
859 2305 932 2362 ad
983 2322 1214 2383 tempus
1273 2327 1384 2383 po·-

95 2409 301 2468 stulare
348 2407 567 2488 possem
614 2427 847 2468 :tamen
868 2411 964 2468 vbi
996 2430 1147 2468 noua
1192 2409 1377 2491 gloria

95 2506 306 2564 nostrae
332 2511 521 2588 gentis
562 2511 634 2569 de
667 2512 874 2569 Turcis
930 2529 1093 2589 parta
1173 2530 1379 2570 meum

90 2609 358 2671 animum
407 2613 602 2674 denuo
647 2615 998 2677 accendisset
1022 2663 1041 2690 ‚
1092 2617 1155 2677 in
1188 2637 1246 2673 re
1271 2633 1382 2670 no..

1275 2735 1347 2777 ua
