1965 3256
615 245 731 306 312
947 239 1235 284 DAMIANr
1287 242 1325 284 Α
1367 240 1514 284 GoEs

573 374 776 410 moram
815 352 1058 406 futuram.
1103 353 1259 422 Qiod
1303 354 1364 403 ad
1391 354 1523 405 muri
1551 347 1849 402 aedificatio·

571 467 692 500 nem
745 447 1059 515 pertineret,
1109 445 1155 494 se
1181 443 1393 502 mirari,
1439 461 1529 493 cur
1561 460 1679 491 cum
1730 455 1846 492 tan-

570 557 622 594 ta
651 559 804 592 manu
834 541 894 589 ad
916 542 1012 590 hoc
1058 539 1249 606 negotii
1291 558 1318 588 a
1347 537 1622 587 Mamudio
1645 535 1700 584 sit
1723 533 1846 585 mis-

568 631 692 682 sus:
730 629 861 696 poffe
910 629 1048 678 enim
1083 630 1190 678 eius
1232 629 1304 677 rei
1356 645 1530 678 curam
1587 623 1845 694 quaestori-

577 723 673 772 bus
695 719 830 768 vrbis
870 719 1126 768 committi
1156 757 1168 774 ‚
1207 719 1390 786 quibus
1421 737 1484 767 ne
1504 717 1607 785 ipse
1636 716 1844 783 quidem

570 806 713 857 suam
767 825 973 874 operam
1012 806 1352 857 subtracturus
1396 807 1511 856 effet
1537 843 1552 864 ,
1591 805 1748 855 modo
1781 803 1846 853 iis

567 900 700 950 locis
737 899 1046 948 construatur
1075 916 1252 947 murus
1275 936 1289 956 ,
1328 900 1514 966 quibus
1564 898 1695 948 inter
1720 896 1842 948 Ma-

572 991 811 1042 mudium
866 991 915 1038 &
955 986 1266 1037 Gratianum
1314 990 1641 1038 conuenisset.
1686 987 1844 1055 Qiod

573 1082 608 1132 fi
636 1080 878 1148 designati
907 1077 1098 1128 limites
1125 1076 1454 1128 obseruentur
1476 1114 1490 1136 ,
1520 1079 1654 1128 recte
1696 1080 1845 1130 illum

569 1168 830 1218 faciurum
861 1188 871 1217 :
915 1166 985 1216 fin
1011 1166 1089 1217 vel
1115 1166 1241 1215 duos
1281 1166 1468 1235 digitos
1513 1166 1638 1216 vitra
1664 1165 1846 1218 funda-

570 1269 748 1308 menta
775 1275 901 1325 opus
928 1255 1244 1324 promouerit
1265 1293 1278 1314 ,
1314 1255 1362 1305 se
1389 1273 1493 1305 non
1519 1253 1682 1306 solum
1729 1257 1804 1306 illi
1827 1294 1844 1317 ,

569 1349 652 1399 sed
699 1348 789 1415 ipsi
822 1366 1023 1415 quoque
1069 1346 1373 1415 Imperatori
1401 1345 1676 1396 Mamudio
1696 1384 1709 1405 ,
1740 1346 1842 1397 im-

569 1439 864 1510 pedimento
925 1437 1177 1488 futurum.
1224 1436 1420 1488 Verum
1465 1449 1516 1487 vt
1560 1436 1844 1496 constaret,

569 1542 881 1600 quantopere
913 1529 1202 1579 abhorreret
1243 1547 1269 1578 a
1291 1528 1446 1579 causis
1472 1527 1593 1578 belli
1624 1565 1638 1586 ,
1679 1526 1843 1578 foede-

566 1616 806 1684 ribusque
833 1615 1083 1666 violandis
1105 1652 1118 1674 ,
1149 1614 1389 1682 superesse
1418 1614 1679 1682 exemplar
1719 1611 1843 1662 scri-

568 1722 772 1778 ptarum
809 1708 870 1756 de
921 1724 1041 1774 pace
1089 1705 1294 1774 legum,
1342 1704 1493 1773 idque
1536 1705 1583 1755 se
1626 1719 1760 1752 nunc
1793 1701 1840 1751 ci

571 1816 661 1867 per
688 1795 949 1844 Simonem
973 1795 1245 1863 legendum
1281 1795 1500 1850 mittere.
1546 1796 1723 1847 Simon
1744 1798 1841 1867 igi-

569 1895 651 1934 tur
684 1903 802 1935 cum
826 1885 926 1935 istis
955 1887 1205 1937 mandatis
1244 1887 1297 1937 in
1323 1888 1475 1938 castra
1502 1889 1639 1939 venit
1667 1927 1681 1948 ,
1709 1890 1844 1940 anti-

572 1973 924 2042 graphumque
953 1972 1178 2043 Sopharo
1198 1972 1251 2022 in
1271 1991 1451 2024 manus
1479 1973 1643 2026 offert.
1685 1975 1843 2044 Qiod

566 2079 731 2128 quum
756 2062 841 2112 ille
868 2062 1056 2132 legiffet
1085 2101 1099 2122 ,
1128 2062 1293 2114 statim
1340 2081 1460 2114 cum
1499 2081 1684 2133 magna
1727 2066 1841 2116 ani-

563 2153 638 2203 mi
665 2154 933 2222 vultusque
972 2155 1324 2224 indignatione
1361 2155 1414 2205 in
1442 2155 1683 2224 plurimas
1722 2175 1842 2225 par-

565 2255 639 2292 tes
673 2245 925 2314 discerpsit
951 2285 963 2305 ,
992 2247 1319 2316 legatumque
1345 2263 1522 2298 contra
1570 2247 1648 2298 ius
1672 2251 1842 2318 genti·-

561 2352 651 2384 um
681 2335 732 2383 in
762 2338 980 2387 vinculis
1013 2338 1242 2390 afferuari
1265 2339 1402 2390 iubet
1425 2376 1440 2400 ‚
1477 2357 1640 2408 neque
1665 2341 1843 2392 vlteri-

565 2442 626 2474 us
665 2429 1100 2493 oppugnationem
1132 2430 1462 2482 differendam
1484 2432 1650 2483 censet
1677 2454 1841 2503 :quo-

564 2513 699 2563 circa
738 2516 798 2564 ad
847 2515 1141 2583 vigesimam
1187 2520 1405 2586 primam
1452 2522 1635 2572 mensis
1681 2523 1838 2590 Apri-

560 2605 626 2658 lis
647 2646 662 2668 ‚
689 2625 872 2678 magna
893 2606 940 2660 vi
968 2625 1140 2660 arcem
1169 2613 1483 2680 aggreditur.
1518 2613 1721 2666 Dienfis
1745 2631 1838 2662 au·-

1691 2712 1800 2752 tem
