1931 3239
577 216 1050 255 EP15TOLA
1349 217 1454 274 379

198 338 304 378 erat
334 362 349 385 ,
394 323 447 374 in
476 322 662 393 quibus
689 324 737 374 δε
765 322 914 373 multi
963 340 1199 390 proceres
1231 359 1243 380 ,
1275 322 1498 374 nobiles-

196 437 295 488 que
319 416 413 467 viri
439 417 489 468 δι’
512 417 613 466 duo
640 416 806 467 millia
831 417 880 466 ἀ*
907 414 1176 483 quingenti
1213 454 1226 474 ‚
1260 429 1366 466 tam
1412 434 1497 468 ca..

195 509 447 577 taphrac‘ii
501 546 514 568 ‚
569 526 724 577 quam
791 509 1115 576 expeditores
1170 511 1311 576 equi.
1358 512 1497 580 Ergo

198 618 318 652 cum
347 599 580 652 Vniuersa
631 600 787 651 clasfis
835 600 888 650 in
915 613 1123 668 portum
1176 599 1496 670 Mazagham

195 695 258 745 ab
307 694 426 744 vrbe
476 691 710 744 Azamor
759 709 948 743 nouem
986 691 1218 742 millibus
1265 693 1499 761 paffuum

197 782 465 836 distantem
526 781 790 854 appulisset
822 821 836 839 .
883 781 1067 834 nostris
1112 783 1248 833 haud
1306 802 1497 857 magno

197 879 407 949 negotio
443 879 602 949 (licet
632 879 685 928 in
711 877 928 929 hostium
957 877 1232 947 conspectu
1263 877 1281 944 )
1313 879 1366 929 in
1394 895 1499 932 ter-

193 990 304 1025 ram
333 970 530 1040 egresfis
559 1008 573 1028 ,
601 970 730 1021 Dux
760 969 862 1038 ipse
889 968 1056 1020 versus
1096 970 1333 1023 Azamor
1369 1011 1382 1031 ,
1413 973 1495 1023 in-

194 1063 379 1116 structa
404 1076 456 1112 vt
483 1063 751 1131 oportebat
775 1061 908 1119 acie,
935 1063 1220 1112 contendit.
1257 1062 1319 1113 In
1347 1064 1502 1115 itine-

196 1173 250 1207 re
279 1154 509 1222 quaedam
540 1173 722 1224 pugnae
749 1154 996 1222 praeiudia
1023 1172 1141 1203 cum
1173 1155 1394 1205 hostium
1425 1154 1500 1204 ia-

196 1248 342 1302 &ura
371 1284 385 1304 ,
463 1247 606 1296 nullo
657 1249 939 1299 nostrorum
991 1246 1265 1297 hominurn
1295 1285 1308 1306 ,
1339 1264 1503 1315 paruo

195 1357 448 1408 equorum
473 1339 664 1391 damno
689 1378 703 1399 ,
733 1340 846 1390 sunt
869 1338 1041 1389 habita
1068 1376 1082 1398 ,
1124 1357 1286 1408 eoque
1313 1340 1393 1389 die
1421 1336 1503 1389 ni·

197 1431 272 1485 hil
293 1431 533 1502 amplius.

342 1526 674 1577 PosTRmnz
709 1564 722 1587 ,
749 1526 988 1595 disposito
1014 1527 1241 1577 exercitu
1275 1564 1288 1585 ,
1322 1528 1501 1579 vrbem

196 1632 498 1688 oppugnant
528 1657 542 1678 ,
582 1619 667 1670 vbi
718 1621 778 1669 ad
807 1621 1045 1670 vndecim
1100 1619 1494 1672 Sarracenorurn

197 1710 365 1761 millia
391 1728 447 1760 ac
477 1711 692 1761 totidem
720 1710 823 1762 fere
855 1712 909 1761 in
937 1729 1119 1782 campo
1147 1713 1346 1780 equites
1377 1750 1391 1771 ‚
1443 1712 1493 1762 «Sc

197 1805 456 1857 innumeri
507 1808 703 1875 pedites
733 1846 747 1866 ‚
779 1807 1059 1859 nostrorum
1106 1809 1488 1876 praesentientes

199 1899 479 1949 aduentum
506 1936 520 1958 ,
548 1899 685 1949 bello
711 1898 826 1948 satis
866 1899 1083 1949 acciri-sti
1115 1901 1477 1967 expefi‘tabant.

201 1989 266 2042 In
295 2010 352 2042 ea
380 1997 763 2062 oppugnatione
792 1993 1025 2042 nonnuili
1055 1992 1229 2043 Mauri
1252 2031 1264 2051 ,
1296 1994 1345 2043 ἃ
1372 1993 1494 2060 qui-

200 2087 317 2137 dam
344 2088 499 2139 etiam
545 2089 786 2156 primates
827 2086 1120 2154 interempti
1159 2107 1172 2149 ε,
1205 2088 1432 2155 adeoque
1469 2103 1498 2135 a

199 2180 380 2232 nostris
420 2179 559 2230 fuere
600 2179 850 2230 confracti
881 2217 893 2238 ‚
939 2192 991 2229 vt
1037 2179 1295 2249 desperata
1341 2178 1486 2228 omni

200 2272 285 2341 spe
310 2310 322 2330 ,
365 2270 591 2340 sequenti
632 2271 782 2321 noi’te
827 2289 924 2339 qua
953 2285 1089 2338 parte
1117 2272 1286 2321 castris
1341 2287 1496 2319 vaca-

201 2367 287 2416 bat
332 2364 467 2431 (non
496 2365 635 2416 enim
666 2384 752 2434 per
778 2365 877 2415 loci
907 2366 1054 2416 situm
1105 2380 1269 2416 totam
1311 2365 1489 2415 vrbem

200 2454 394 2506 obsidio
420 2452 788 2519 circumierat)
822 2473 1000 2505 ornnes
1039 2455 1335 2506 clanculum
1379 2452 1493 2503 abi-

203 2558 388 2614 erunt,
429 2545 689 2617 solamque
740 2547 987 2615 reliquere
1046 2551 1238 2600 vrbem.
1286 2548 1489 2600 Postera

200 2634 351 2697 luce,
371 2638 469 2689 hoc
495 2640 704 2711 cognito
731 2676 748 2701 ,
787 2638 913 2705 Dux
940 2657 1061 2690 cum
1088 2638 1316 2690 exercitu
1349 2676 1361 2697 ,
1415 2639 1497 2688 so-

1391 2727 1467 2778 le·-
