1998 3256
509 270 549 325 8
769 285 1108 323 omsn’oms
1158 284 1522 328 Dsssemm‘xo

492 407 648 443 neum
693 389 1011 463 Aquilonem
1056 393 1232 444 naclus
1260 391 1524 464 Olifipone
1544 395 1696 450 soluit
1717 411 1739 461 ‚⁴

479 484 807 553 celeriterque
856 486 1187 536 concitatiore
1226 500 1378 536 vento
1420 488 1473 538 in
1529 489 1734 543 Indiam

474 579 604 631 laetis
633 578 899 646 auspicii5‚
950 578 1032 628 sed
1059 578 1312 629 immenso
1355 580 1524 631 labore
1559 601 1741 651 perue-

474 672 573 722 nit.
620 670 715 721 Sed
764 689 856 721 nos
896 672 1045 720 rebus
1097 669 1159 720 iis
1191 671 1431 722 omnibus
1470 691 1586 724 cum
1636 676 1740 744 ipsa

478 763 628 815 India
672 765 860 816 omiffis
890 801 904 824 ,
942 764 1004 813 ad
1043 763 1330 815 institutum
1373 765 1594 818 nostrum
1621 787 1739 839 pro-

471 875 725 927 petemus

580 946 982 998 OmsxpoxEM
1013 947 1169 1016 igitur
1195 947 1307 1015 quis
1336 947 1533 1013 primus
1561 950 1741 999 condi-

468 1038 597 1088 derit
619 1076 630 1095 ,
674 1037 724 1086 in
771 1049 909 1086 tanta
934 1036 1219 1087 seculorum
1248 1037 1485 1088 vetustate
1511 1058 1602 1107 pro
1629 1057 1739 1089 cer·

464 1144 519 1181 to
541 1130 786 1180 affirmare
815 1147 919 1178 non
961 1129 1204 1178 audemus
1230 1165 1243 1185 ,
1274 1148 1424 1196 quam
1464 1144 1632 1179 tamen
1657 1133 1740 1181 in-

464 1238 540 1275 ter
578 1223 939 1290 antiquissimas
987 1221 1251 1288 Hispaniae
1290 1223 1436 1270 vrbes
1490 1240 1741 1274 annume-

463 1319 670 1370 randam
719 1313 844 1370 esse,
888 1309 1193 1361 vetustiffimi
1247 1330 1448 1379 quoque
1475 1308 1741 1383 scriptores

465 1412 725 1466 testantur.
753 1403 904 1454 Hanc
925 1400 1088 1452 Varro
1115 1390 1435 1470 Olisiponem
1455 1440 1468 1460 ,
1488 1403 1534 1451 ὗε
1553 1402 1741 1454 Ptolae-

463 1520 609 1559 meus
667 1494 1019 1563 Oliofiponem
1076 1493 1351 1560 appellant.
1395 1492 1572 1566 Strabo
1623 1511 1741 1544 vero

460 1592 714 1664 Vlysl‘earn
736 1625 749 1646 ,
775 1589 823 1638 δε
844 1587 906 1635 ab
928 1583 1096 1652 Vlyffe
1127 1585 1386 1634 conditam
1409 1585 1521 1644 effe,
1542 1603 1605 1635 ex
1626 1603 1740 1635 ver-

460 1689 538 1740 bis
560 1679 877 1750 Asclepiadis
907 1674 1155 1744 Myrliani
1188 1676 1382 1726 videtur
1409 1679 1630 1728 affer-ere.
1682 1677 1737 1728 Is

459 1779 599 1831 enim
623 1773 912 1841 Myrlianus
939 1767 991 1817 in
1018 1766 1328 1818 Turditania
1370 1768 1488 1817 ludo
1533 1767 1730 1817 littera·

459 1870 535 1920 rio
574 1863 776 1934 praefuit
806 1898 820 1919 ‚
847 1873 995 1926 atque
1033 1856 1093 1906 de
1119 1857 1353 1925 gentibus
1384 1855 1532 1923 ipsius
1572 1857 1737 1924 regio-

453 1957 534 2006 nis
584 1955 775 2003 librum
833 1947 1160 2013 conscripsit,
1209 1945 1532 2013 prodiditque
1580 1947 1738 1996 etiam

452 2046 720 2113 Olifipone
746 2043 798 2092 in
825 2039 1019 2107 templo
1078 2037 1338 2088 Mineruae
1377 2074 1391 2096 ‚
1446 2036 1739 2105 fragmenta

453 2136 684 2204 qnaedam
715 2129 943 2199 suspensa
973 2141 1091 2178 tunc
1119 2140 1290 2177 extare
1315 2164 1328 2185 ,
1349 2126 1582 2176 videlicet
1621 2144 1738 2193 par-

452 2244 596 2282 mas,
651 2221 865 2290 apulstra
905 2257 917 2277 ,
976 2219 1288 2284 nauiumque
1346 2216 1500 2267 rostra
1550 2215 1732 2284 Vlyffis

454 2334 646 2367 errores
683 2309 979 2362 indicantia.

565 2409 647 2462 Ex
685 2423 785 2473 quo
806 2401 919 2451 sane
959 2400 1075 2450 loco
1110 2416 1214 2448 non
1264 2397 1380 2448 satis
1424 2398 1622 2466 liquere
1646 2416 1732 2448 ar-

456 2508 706 2559 bitrantur
725 2498 931 2566 quidam
961 2492 1288 2562 Olisiponem
1323 2494 1383 2542 ab
1410 2492 1576 2561 Vlyffe
1598 2509 1724 2541 con-

451 2599 611 2650 ditam
659 2591 769 2641 effe.
816 2586 987 2638 Nobis
1035 2597 1205 2633 tamen
1258 2582 1388 2631 tanti
1439 2583 1533 2632 viri
1584 2579 1723 2631 testi-

452 2688 631 2743 monio
661 2686 908 2737 adhaerere
943 2678 1163 2748 placebit
1217 2675 1389 2746 potius
1419 2713 1433 2735 ,
1473 2688 1627 2743 quam
1660 2669 1724 2718 il-

1509 2759 1681 2809 lorum

1946 1262 1998 1340 f

1930 1341 1946 1374 l

1913 1380 1929 1458 ll
