1965 3256
540 266 642 319 250
885 263 1165 300 DAMrANr
1196 264 1235 298 A
1266 262 1413 298 GoEs
1585 268 1636 273 κ

496 372 627 421 deris
656 367 876 418 Domini
903 368 1116 418 habebat
1135 406 1147 426 ,
1188 367 1402 419 accurrit
1431 407 1447 430 ,
1476 366 1650 436 ibique
1674 384 1777 434 prae

495 460 659 510 nimio
685 459 868 528 gaudio
895 458 955 507 ad
981 459 1277 527 exemplum
1317 457 1400 508 aui
1443 457 1515 510 sui
1542 497 1555 518 ‚
1610 457 1775 509 Daui-

497 558 573 608 dis
599 591 612 610 ,
650 565 765 602 ante
790 569 978 609 arcam,
1003 551 1054 600 in
1084 571 1182 620 qua
1209 551 1390 602 tabulae
1412 563 1572 608 erant,
1604 551 1773 601 incoe-

497 649 573 717 pit
600 648 793 698 saltare.
839 644 962 712 on
991 664 1020 696 a
1046 645 1146 696 suis
1191 646 1295 696 viso
1329 685 1341 706 ,
1383 649 1433 698 &
1476 665 1528 696 re
1579 644 1779 695 intelle-

497 741 581 790 ἃᾶ
611 778 624 798 ,
655 756 832 789 omnes
860 737 967 804 pari
996 739 1152 787 modo
1177 739 1363 807 gaudia
1393 776 1406 798 ,
1457 739 1506 788 ἅτ
1549 734 1783 786 laetitiam

500 829 764 898 ingemem
794 828 1193 879 celebrauerunt.
1238 828 1482 880 Tandem
1524 836 1785 895 peragrata

500 939 690 988 magna
743 919 1032 987 Aethiopiae
1082 933 1222 985 parte
1270 919 1332 968 ad
1377 918 1518 968 suam
1568 930 1783 967 matrem

501 1011 776 1081 peruenit:
847 1027 958 1076 quae
995 1007 1159 1056 statim
1210 1010 1257 1057 ei
1285 1007 1562 1074 imperium
1611 1009 1785 1058 omni-

500 1123 589 1153 um
642 1102 1024 1170 prouinciarum
1053 1099 1231 1150 detulit
1270 1138 1284 1158 ,
1335 1117 1647 1166 omnemque
1693 1101 1785 1149 ad-

501 1193 821 1247 ministrandi
849 1191 990 1261 regni
1019 1207 1194 1241 curata
1227 1191 1280 1241 in
1306 1190 1414 1240 eius
1441 1191 1679 1242 humeros
1707 1208 1790 1241 re-

502 1278 736 1338 cii'nauit.
781 1286 846 1337 Et
870 1286 930 1334 ab
958 1302 1017 1333 eo
1046 1297 1276 1352 tempore
1328 1282 1488 1334 ferme
1523 1285 1626 1336 iam
1668 1282 1787 1333 inde

500 1381 655 1449 Vsque
682 1383 734 1433 in
763 1381 897 1431 hunc
924 1379 1060 1430 diem
1088 1379 1263 1448 elapsis
1290 1379 1496 1430 interim
1540 1379 1618 1430 bis
1667 1377 1788 1428 mit-

501 1474 632 1526 ]enis
701 1475 951 1528 sexcentis
1001 1474 1147 1525 annis
1174 1512 1189 1532 ‚
1238 1491 1451 1544 regnum
1500 1471 1792 1541 Aethiopiae

503 1573 650 1623 re&o
681 1572 883 1622 tramite
910 1571 970 1620 de
1007 1568 1234 1621 masculo
1281 1567 1475 1637 semper
1499 1567 1562 1618 ad
1586 1567 1791 1619 mascu-

503 1660 613 1710 lum
642 1661 960 1711 transfertur.
1006 1659 1072 1710 Et
1118 1659 1188 1708 ab·
1232 1656 1311 1706 his
1360 1655 1676 1724 temporibus
1714 1655 1789 1704 le-

506 1778 624 1828 gem
656 1760 877 1812 Domini
909 1798 921 1816 ,
944 1759 993 1809 &
1018 1753 1457 1808 circumcisionem
1486 1751 1743 1802 seruamus
1769 1788 1784 1810 ,

504 1866 558 1903 vt
585 1865 699 1902 ante
725 1852 923 1903 dietum
948 1850 1035 1901 est.
1080 1849 1162 1900 Ab
1186 1846 1367 1897 eodem
1409 1858 1613 1913 quoque
1657 1853 1791 1892 tem-

504 1966 629 2018 pore
654 1946 914 2015 hucusque
951 1940 1228 1996 ministeria
1254 1977 1269 1999 ,
1294 1955 1406 2008 quae
1434 1934 1674 1986 Salomon
1727 1929 1790 1982 fi·

505 2042 578 2093 lio
630 2040 719 2092 suo
772 2040 966 2092 Dauid-i
998 2039 1060 2090 ad
1099 2036 1270 2088 aulam
1316 2031 1459 2084 suam
1499 2029 1789 2100 gubernan-

506 2135 626 2185 dam
672 2133 926 2184 ordinauit
955 2169 968 2191 ,
1009 2130 1064 2182 in
1107 2147 1168 2179 eo
1219 2125 1395 2177 ordine
1438 2139 1500 2174 ac
1536 2117 1748 2171 familiis
1774 2151 1792 2175 ,

509 2243 613 2292 quo
639 2241 761 2277 tunc
787 2225 1034 2294 temporis
1061 2235 1203 2274 erant
1239 2259 1252 2281 ‚
1277 2217 1640 2270 conseruantur
1659 2249 1673 2271 ,
1700 2227 1795 2262 nec
1827 2273 1829 2275 Ι

507 2319 675 2368 aulica
717 2321 992 2370 ministeria
1041 2333 1104 2366 ex
1130 2315 1228 2365 alia
1265 2310 1413 2380 stirpe
1460 2305 1679 2374 deligere
1717 2299 1797 2351 fas

510 2417 662 2468 habet
693 2453 706 2474 ,
757 2413 836 2463 vel
863 2411 968 2479 ipse
1023 2409 1329 2478 Imperator.
1375 2399 1589 2468 Insuper
1629 2394 1753 2446 iussu
1777 2428 1794 2452 ,

510 2515 560 2564 &
585 2511 790 2560 decreto
812 2504 961 2573 ipfius
998 2501 1209 2568 Reginae
1259 2495 1537 2563 Maquedae
1566 2530 1580 2551 ‚
1605 2486 1796 2540 mulie-

512 2622 592 2655 res
618 2618 817 2671 quoque
844 2590 1293 2647 circumciduntur.
1326 2584 1410 2634 Ad
1436 2583 1487 2632 id
1511 2600 1570 2632 ea
1597 2577 1796 2630 ratione

517 2695 730 2750 dedu&a
754 2690 822 2743 est
849 2728 863 2751 ‚
915 2699 967 2739 vt
993 2675 1433 2754 quemadmodum
1460 2673 1556 2727 viri
1595 2679 1797 2758 praepu-

1698 2763 1767 2802 ti-
