1965 3256
569 243 642 309 76
951 247 1242 290 DAM1ANP
1288 255 1328 290 A
1353 253 1500 290 δοες

556 359 638 410 ius
697 357 767 408 rei
820 357 1127 427 singularem
1187 358 1614 429 propalationem.
1675 357 1819 411 Inter

550 469 681 519 quos
723 465 903 502 autem
947 453 1203 521 (nomina
1243 449 1404 516 iiico)
1457 452 1651 520 aliquot
1702 452 1816 503 sunt

560 545 653 614 (vt
694 545 1006 595 veriffimum
1057 542 1166 609 est)
1215 558 1421 595 centum
1450 584 1465 605 ‚
1510 546 1770 614 octoginta
1797 583 1813 605 ,

558 633 876 704 septuaginta
909 672 920 692 ,
974 632 1329 704 sexagintaque
1385 637 1549 687 millia
1603 638 1818 688 ducato-

561 744 675 776 rum
703 743 973 777 aureorum
999 744 1163 776 annue
1190 727 1487 795 poffidentes
1516 750 1528 780 2
1561 745 1665 779 non
1689 748 1818 798 pau-

558 818 605 867 ci
659 817 1027 886 quinquaginta
1056 856 1069 876 ,
1119 819 1450 888 quadraginta
1478 859 1493 881 ‚
1563 823 1810 892 triginta:

557 907 710 958 multi
735 908 915 977 viginti
946 947 959 968 ,
991 908 1284 978 quindecim
1307 949 1321 971 ,
1371 915 1665 982 decemque.
1709 912 1818 964 Ce-

555 1000 652 1050 teri
695 1018 872 1050 omnes
910 999 1002 1050 hac
1048 998 1244 1051 summa
1271 1001 1536 1055 inferiores
1560 1043 1574 1064 ,
1622 1007 1683 1055 ad
1714 1005 1817 1056 mi-

556 1096 761 1145 nimum
788 1093 946 1144 trium
983 1093 1209 1144 millium
1234 1095 1424 1145 reditus
1445 1097 1648 1147 habent.
1694 1097 1773 1147 Sic
1797 1137 1813 1157 ,

555 1199 609 1235 vt
635 1183 736 1234 fine
786 1184 1055 1234 mendacio
1104 1186 1305 1235 afferere
1342 1186 1456 1252 quis
1483 1189 1625 1255 possit
1647 1226 1662 1247 ,
1689 1189 1816 1240 His-

557 1276 721 1349 paniae
776 1289 1072 1345 magnatum
1112 1295 1306 1327 annuos
1349 1293 1624 1349 prouentus
1673 1282 1815 1350 vige-

554 1365 646 1419 fies
672 1383 884 1420 centena
910 1368 1074 1419 millia
1099 1369 1398 1422 ducatorum
1423 1370 1668 1439 attingere
1695 1409 1710 1430 ‚
1731 1371 1814 1428 vel

553 1463 701 1516 vltra.
745 1460 870 1513 Sunt
906 1474 1140 1535 praeterea
1186 1460 1240 1510 in
1291 1459 1539 1534 Hispania
1558 1480 1659 1512 non
1687 1478 1815 1528 pau-

558 1556 606 1607 ci
633 1554 831 1606 nobiles
873 1552 1036 1604 titulis
1061 1590 1075 1611 ,
1103 1551 1179 1602 vel
1208 1553 1537 1621 dignitatibus
1563 1551 1768 1603 obscuri
1795 1590 1811 1611 ,

559 1647 734 1697 decem
759 1684 773 1705 ‚
803 1645 1094 1714 quindecim
1123 1643 1286 1695 millia
1313 1645 1611 1697 ducatorum
1641 1663 1809 1703 annue

557 1736 800 1786 habentes
827 1771 839 1792 ,
886 1732 1054 1800 estque
1074 1729 1292 1780 aliorum
1321 1729 1498 1798 ingens
1527 1748 1769 1780 numerus
1793 1769 1809 1791 ,

553 1831 642 1898 qui
690 1847 717 1878 a
741 1826 970 1878 millibus
1011 1824 1068 1874 ad
1098 1824 1275 1873 decem
1315 1823 1480 1875 millia
1506 1826 1812 1876 ducatorum

549 1920 704 1989 vsque
739 1938 904 1970 annue
944 1916 1208 1986 poffident.
1253 1915 1380 1973 Sunt
1422 1917 1577 1968 etiam
1613 1915 1806 1987 reguli,

557 2033 685 2083 quos
739 2013 955 2082 pastores
1007 2011 1226 2085 Hispani
1276 2023 1458 2064 vocant
1497 2047 1510 2069 ,
1555 2010 1762 2078 triginta
1789 2048 1806 2071 ,

558 2109 608 2158 &
655 2107 987 2176 quadraginta
1028 2106 1192 2156 millia
1241 2105 1451 2163 ouium,
1482 2104 1532 2154 &
1567 2120 1808 2170 magnam

557 2206 754 2262 boum,
801 2219 1049 2270 equorum
1111 2201 1467 2269 mulorumque
1518 2198 1808 2248 multitudi-

558 2311 677 2343 nem
704 2292 999 2360 poffidentes
1025 2330 1039 2352 ,
1081 2309 1297 2362 quorum
1333 2290 1540 2343 familiae
1566 2287 1809 2358 amplifi}—

559 2401 657 2434 mae
696 2383 828 2435 sunt.
874 2385 955 2435 Ex
1004 2403 1104 2452 quo
1133 2380 1345 2454 apparet*
1380 2402 1480 2435 non
1510 2381 1686 2434 frustra
1725 2383 1805 2432 di..-

561 2476 702 2526 ‹stum
757 2477 809 2527 in
855 2475 1103 2546 Hispania
1136 2477 1367 2529 talentari
1413 2477 1585 2547 precio
1619 2476 1800 2526 arietes

562 2565 868 2618 admiffarios
913 2566 1013 2616 emi
1053 2602 1067 2624 ‚
1126 2565 1287 2615 asinos
1333 2585 1533 2639 quoque
1571 2564 1801 2615 admissa-

562 2659 700 2718 rios,
746 2658 796 2710 &
835 2657 991 2711 afinas
1040 2657 1103 2710 ad
1141 2657 1389 2711 foeturam
1435 2672 1525 2724 40.
1551 2654 1799 2708 sestertiis.

1615 2744 1804 2820 Hispa-
