1965 3256
555 219 659 291 ‘156
924 236 1208 277 DAMIANI
1238 241 1276 277 A
1302 242 1451 281 cons

508 340 631 391 laias
659 357 898 393 vocamus
928 381 945 403 ,
969 346 1018 397 &
1052 347 1386 416 quadraginta
1428 345 1584 415 Regis
1613 343 1773 399 Cale-a

506 427 664 486 eutii,
717 448 839 497 quas
876 430 1095 484 Parahos
1135 437 1406 487 nominant
1443 473 1456 494 ‚
1503 454 1530 486 a
1559 437 1779 508 Prorege

502 517 776 572 Francisco
797 523 857 573 de
875 524 1113 577 Almeida
1133 547 1266 579 anno
1314 527 1586 578 millesimo
1627 530 1782 596 quin-

503 614 784 682 gentefimo
812 634 950 667 nono
977 619 1243 688 profligata
1277 619 1342 668 est
1366 657 1380 678 ,
1403 620 1664 688 plerisque
1691 639 1782 670 na·-

502 707 653 758 uibus
717 723 802 760 aut
849 712 1011 778 captis
1043 750 1056 771 ,
1091 726 1176 763 aut
1195 714 1429 764 demerfis
1458 731 1577 763 cum
1599 714 1781 781 ingen-

501 802 542 851 ti
573 802 792 853 hostium
819 805 979 856 clade.
1025 805 1169 874 Quid
1190 808 1271 857 hic
1301 807 1516 857 referam
1541 807 1740 858 Dacam
1765 841 1780 863 ,

502 890 673 942 Cheul
694 930 706 951 ,
735 892 908 944 Dabul
939 933 952 953 ,
983 895 1211 947 Bandam
1243 935 1256 956 ‚
1287 916 1344 948 ae
1371 897 1590 948 insulam
1617 896 1770 955 Goae,

502 1005 615 1055 quae
642 998 749 1035 tota
777 987 882 1036 iam
912 985 1118 1039 Christo
1145 1003 1305 1058 paret.
1349 988 1609 1041 Postremo
1638 990 1774 1057 quod

499 1079 563 1129 ad
607 1077 781 1144 Reges
811 1078 1080 1147 Narsmgae
1115 1117 1129 1138 ,
1170 1079 1376 1131 Honori
1406 1119 1420 1139 ,
1457 1080 1728 1132 Batecailae
1755 1117 1771 1139 ‚

499 1168 663 1220 Otisae
695 1208 708 1229 ,
741 1171 886 1228 Deli,
909 1170 1169 1223 Cananori
1203 1211 1218 1229 ,
1242 1172 1483 1242 Callequi
1507 1211 1520 1232 ,
1557 1172 1779 1225 Calecu-

495 1263 555 1311 tii
581 1301 594 1320 ,
621 1259 847 1313 Cochini
878 1301 890 1321 ,
909 1261 1134 1314 Coulani
1165 1302 1178 1324 ,
1221 1265 1498 1333 insulaeque
1533 1263 1735 1333 Seylani
1757 1301 1774 1324 ,

495 1355 547 1405 δε
573 1355 703 1405 vltra
725 1355 967 1426 Gangem
998 1357 1057 1407 ad
1085 1375 1226 1426 reges
1249 1356 1507 1427 Bengallae
1537 1394 1550 1414 ‚
1581 1356 1738 1425 Pegui
1762 1395 1778 1415 ,

498 1447 651 1517 Syani
683 1485 695 1506 ,
735 1449 784 1499 δε
811 1449 871 1498 ad
893 1466 1132 1518 magnam
1161 1448 1419 1499 Malachae
1474 1449 1772 1504 ciuitatem,

497 1557 652 1611 quarn
706 1540 875 1607 primo
926 1538 1174 1589 Alfonsus
1225 1537 1604 1607 Albuquercius
1645 1536 1772 1587 Pro-

493 1645 587 1679 τω(
645 1629 829 1679 ditioni
870 1628 1048 1679 nostrae
1100 1629 1282 1679 adiecit
1327 1628 1453 1697 (cui
1494 1630 1651 1678 etiam
1678 1626 1778 1674 de-

490 1723 673 1771 bemus
719 1719 1027 1771 Oromuziae
1061 1759 1072 1779 ‚
1114 1722 1162 1772 &
1185 1720 1318 1772 Goae
1349 1720 1622 1788 imperium
1651 1719 1666 1786 )
1709 1723 1759 1772 ὅτ,

495 1818 558 1866 ad
637 1813 852 1863 insulam
899 1813 1138 1864 Samatrae
1189 1811 1429 1881 pertinet.
1475 1810 1558 1862 Ad
1587 1811 1772 1864 Ianam

495 1927 698 1979 quoque
720 1907 979 1957 minorem
1003 1946 1017 1967 ,
1037 1909 1086 1958 &
1115 1907 1364 1957 maiorem
1386 1942 1400 1964 ‚
1429 1906 1478 1956 &
1500 1906 1561 1955 ad
1588 1905 1776 1957 insulas

490 2001 706 2059 Bandae,
738 1998 1006 2068 NIoluqui,
1025 2001 1077 2050 &
1104 1999 1166 2050 ad
1193 1997 1476 2049 Borneum.
1509 1995 1771 2048 Postremo

490 2095 555 2144 a‘d
591 2092 820 2143 Chinam
844 2130 855 2150 ,
888 2093 949 2142 ad
971 2090 1198 2158 Lequios
1219 2090 1438 2158 denique
1471 2126 1485 2148 ,
1509 2089 1773 2139 nationem

491 2190 581 2240 vix
604 2189 820 2238 antehac
841 2188 1103 2256 cognitam
1131 2224 1145 2245 ‚
1174 2186 1328 2236 fidem
1373 2181 1562 2234 Christi
1585 2201 1677 2252 pro
1701 2201 1792 2252 pa-

493 2293 668 2350 gatam
689 2279 782 2329 effe
801 2317 814 2338 ‚
834 2279 971 2346 ‘quod
1006 2277 1158 2328 nostri
1181 2295 1283 2327 non
1307 2273 1612 2326 aestimandis
1632 2273 1713 2323 lab
1733 2292 1792 2323 o-

491 2377 632 2428 ribus
654 2385 805 2439 atque
827 2371 1112 2440 sumptibus
1155 2371 1526 2425 obtinuerunt,
1555 2384 1780 2435 quorum

486 2467 676 2536 Reges,
704 2467 753 2516 &
780 2466 949 2532 plures
977 2463 1063 2514 alii
1095 2500 1108 2520 ,
1126 2481 1256 2530 quos
1288 2481 1319 2512 o
1338 2461 1518 2512 mitto
1540 2499 1555 2521 ,
1573 2460 1723 2511 multi
1746 2459 1794 2510 se

492 2561 661 2613 seruos
706 2558 863 2627 Regis
893 2555 1043 2606 nostri
1071 2567 1254 2604 vocant
1282 2591 1294 2612 ,
1324 2553 1599 2604 nonnulli
1630 2553 1792 2603 tribu-

494 2653 649 2706 tarios
687 2689 699 2711 ,
722 2651 771 2702 ὅτ
797 2647 1175 2700 confoederatos
1193 2685 1206 2707 ,
1254 2646 1344 2699 alii
1370 2645 1567 2696 amicos
1597 2680 1612 2702 ,
1655 2639 1790 2709 apud

1629 2755 1760 2808 quos
