1931 3239
159 230 329 268 Μῦες
358 224 608 266 Remoto
640 225 918 276 MORESQ
947 226 1245 269 AETmoP.
1298 237 1400 292 277

104 330 370 386 memoriae
398 368 414 391 ‚
457 331 540 382 sed
560 333 623 382 ab
648 330 853 401 ‘Regina
879 331 1084 383 Helena
1110 351 1265 387 vxore
1297 339 1412 390 Im-

101 427 350 498 peratoris
375 463 390 485 ,
432 440 785 495 cognomento
814 425 1011 478 Manus
1037 426 1223 480 Mariae
1256 470 1270 490 ,
1315 436 1405 502 qui

98 521 249 572 huius
278 518 503 569 Dauidis
542 556 555 576 ,
580 520 640 572 de
669 539 772 590 quo
799 520 1067 588 loquimur
1097 558 1109 579 ,
1134 540 1256 573 avus
1288 524 1407 585 fuit,

99 629 215 680 quae
242 625 366 665 tunc
394 613 645 684 temporis
667 614 732 663 ob
762 614 1005 666 tenellam
1040 613 1262 667 Dauidis
1293 632 1418 669 aeta-

95 717 204 755 tem
228 743 248 778 ,⁹
287 725 563 777 regnorum
607 707 952 776 gubernacula
978 708 1364 763 administrabat
1391 752 1406 773 ,

100 802 288 853 mulier
314 802 452 854 haud
479 804 632 854 duble
659 803 1043 873 prudentissima
1074 842 1087 862 ,
1115 806 1165 855 &
1192 804 1406 858 sanetis-

91 897 236 952 sima.
281 899 472 952 Eadem
503 900 591 952 ista
619 899 821 951 Helena
866 901 993 950 duos
1022 901 1316 970 composuit
1345 904 1410 954 li-

92 991 213 1042 bros
258 991 487 1044 sermone
516 994 780 1045 chaldaico
803 1032 817 1053 ,
865 1007 918 1044 vt
944 1005 1050 1043 erat
1079 994 1364 1048 do&isfima
1396 1036 1411 1058 ‚

95 1099 319 1149 quorum
349 1103 476 1136 vnus
501 1086 689 1150 dicitnr
737 1085 938 1136 Enzera
983 1085 1176 1136 Chebaa
1205 1126 1218 1146 ,
1249 1089 1370 1139 idest
1399 1129 1413 1151 ,

92 1175 294 1228 laudate
325 1178 499 1230 Deum
539 1181 592 1230 in
625 1181 839 1250 ‚organis
867 1218 879 1237 ,
933 1179 985 1229 in
1039 1199 1142 1248 quo
1187 1182 1248 1232 de
1274 1182 1407 1233 Tri-

93 1269 256 1318 nitate
298 1271 583 1323 dofiiffime
612 1273 851 1343 disputat,
874 1273 922 1322 &
949 1273 1009 1321 de
1040 1271 1228 1323 Matris
1254 1273 1412 1327 Chri-

93 1357 150 1408 sti
180 1358 368 1412 Mariae
415 1363 742 1434 Virginitate.
788 1362 935 1412 Alter
962 1377 1173 1413 vocatur
1207 1365 1410 1419 Chedale

97 1454 259 1526 Chaay
287 1495 301 1515 ,
332 1458 428 1510 hoc
480 1460 548 1510 est
580 1499 592 1517 ,
622 1461 814 1511 radices
845 1457 961 1508 solis
1002 1496 1015 1517 ‚
1044 1458 1094 1508 in
1129 1479 1230 1528 quo
1284 1480 1407 1514 acu*

92 1550 274 1602 tiflime
301 1553 361 1601 de
382 1552 493 1621 Iege
536 1553 638 1603 Dei
667 1553 1064 1622 disceptationes
1094 1555 1265 1606 habet.

277 1643 504 1696 OMNIA
544 1647 651 1697 haec
680 1648 742 1698 de
773 1645 871 1697 fide
895 1686 906 1705 ,
952 1648 1201 1717 religione
1228 1668 1284 1699 ac
1315 1668 1407 1718 pa-

91 1735 203 1786 triae
231 1736 409 1788 nostrae
436 1737 565 1788 statu
600 1776 612 1796 ,
667 1757 762 1808 ego
825 1739 975 1811 Zaga
1026 1740 1177 1790 Zabo
1203 1779 1217 1799 ,
1272 1741 1411 1810 quod

89 1832 255 1901 gratia
300 1834 455 1901 patris
505 1836 874 1904 interpretatur
904 1877 918 1896 ,
974 1838 1259 1908 Episcopus
1291 1876 1304 1895 ‚
1360 1839 1411 1887 δε

92 1922 341 1974 Sacerdos
363 1961 375 1982 ‚
405 1942 462 1973 ac
492 1924 704 1996 Eugana
727 1929 861 1987 Raz,
893 1949 1088 1998 nempe
1118 1931 1267 1979 miles
1302 1968 1315 1988 ,
1345 1947 1404 1984 ac

89 2017 286 2085 Ptorex
312 2019 590 2088 prouinciae
613 2059 628 2077 ‚
658 2040 770 2089 quae
798 2022 1008 2092 Bugana
1035 2026 1223 2077 dicitur
1255 2065 1268 2086 ,
1301 2047 1395 2079 nec

89 2110 187 2164 tibi
214 2112 268 2162 in
296 2107 576 2165 CHRtsTo
603 2115 767 2165 filiolo
794 2133 911 2166 meo
950 2117 1242 2168 charissimo
1291 2117 1402 2168 Da-

87 2203 268 2255 miano
295 2205 487 2274 petenti
518 2243 533 2264 ,
586 2224 678 2256 nec
726 2207 816 2258 vlli
843 2207 1045 2258 homini
1074 2208 1196 2258 talia
1246 2207 1392 2278 flagi-

88 2298 218 2348 tanti
245 2300 492 2369 denegare
519 2301 663 2369 potui
694 2339 707 2360 ‚
749 2313 836 2352 aut
879 2321 1061 2372 negare
1088 2303 1238 2353 licuit
1264 2303 1390 2354 dua-

90 2385 186 2437 bus
210 2387 270 2438 de
296 2391 454 2441 causis
483 2429 497 2450 ,
527 2410 745 2460 quarum
798 2393 940 2460 prior
980 2392 1046 2442 est
1077 2431 1089 2451 ,
1141 2395 1279 2462 quod
1333 2394 1388 2443 in

89 2479 345 2532 mandatis
372 2482 535 2533 habeo
571 2503 599 2534 a
625 2483 970 2552 potentiffimo
1003 2485 1243 2536 Domino
1264 2504 1382 2536 meo

87 2564 327 2620 Precioso
387 2570 583 2624 Ioanne
621 2612 633 2633 ,
663 2573 986 2643 Aethiopum
1020 2577 1341 2648 Imperatore
1371 2617 1385 2637 ,

91 2654 330 2719 o'mnibus
359 2685 440 2719 me
469 2667 896 2739 interrogantibus
932 2672 993 2723 de
1014 2671 1112 2723 fide
1134 2711 1145 2731 ,
1181 2672 1390 2739 reiigio-

1258 2782 1322 2814 ne
1347 2801 1359 2824 ,
