1965 3256
557 200 660 237 202
737 249 740 250 ⁷
948 204 1232 242 DAMIANI
1278 209 1319 242 A
1370 209 1514 245 GOES

520 341 562 364 ,‚
580 317 721 372 pater
747 317 864 357 tuus
891 345 904 366 ,
947 327 1039 359 nec
1092 311 1293 362 ostende
1337 313 1528 366 debiles
1551 317 1688 368 vires·
1710 318 1799 368 ad·-

520 438 565 460 ‚,
594 400 761 452 versus
808 401 1026 455 Mauros
1053 444 1066 465 ‚
1105 408 1155 458 &
1197 406 1456 460 Gentiles·
1521 412 1664 464 Nam
1709 434 1798 466 eos

521 532 557 553 ,‚
576 513 705 555 rcum
738 497 841 547 Dei
861 499 1076 558 auxilio,
1096 501 1366 553 adiuvante
1386 504 1569 555 virtute
1589 520 1692 567 tua,
1723 509 1800 559 fa-

519 624 556 646 „
587 587 686 637 cile
712 587 990 640 debellabis
1030 593 1079 642 &
1121 594 1337 646 destrues
1368 635 1382 656 ‚
1430 599 1478 648 δε
1529 617 1632 651 non
1658 601 1798 653 dicas

519 716 555 738 ‚,
583 679 678 729 tibi
716 681 807 730 effe
853 701 881 732 a
925 698 1065 752 patre
1091 698 1178 737 tuo
1222 687 1352 738 vires
1380 690 1610 758 exiguas.
1654 693 1799 744 Nam

525 813 559 835 ‚,
588 793 658 824 eae
685 772 798 824 sunt
824 788 972 825 certae
1000 775 1114 826 satis
1142 795 1341 846 magnae
1360 816 1373 837 ‚
1422 780 1470 829 &
1498 778 1642 831 Deus
1668 779 1801 831 sem-

519 909 555 930 ‚‚
586 884 672 934 pet·
718 884 869 934 opem
916 864 1060 918 feret.
1108 867 1250 918 Mihi
1300 869 1478 920 adsunt
1530 872 1621 922 viri
1648 911 1662 931 ,
1710 893 1800 923 au-

517 999 553 1020 „
585 949 698 1010 ium
731 997 744 1017 ‚
786 972 1104 1010 commeatus
1152 961 1302 1011 instar
1347 981 1510 1014 arenae
1553 967 1709 1016 maris
1752 967 1800 1016 δε

516 1096 553 1116 ‚,
584 1055 839 1106 {ieilatum
890 1054 1022 1103 caeli.
1067 1053 1184 1103 Nos
1228 1055 1376 1104 fimul
1419 1060 1691 1127 conjunefi
1720 1073 1799 1109 to-

515 1188 552 1209 „
576 1162 678 1196 tam
729 1143 1038 1194 M'aurorurn
1103 1146 1387 1196 barbariem
1450 1148 1760 1202 destruemus
1784 1188 1798 1209 ,

516 1281 552 1303 ,‚
584 1258 747 1307 neque
773 1239 909 1289 aliud
930 1257 957 1289 a
985 1241 1128 1290 vobis
1155 1254 1274 1309 peto
1295 1281 1310 1303 ‚
1331 1263 1485 1312 quam
1513 1248 1701 1316 peritos
1724 1252 1803 1302 vi-

516 1373 555 1395 „
588 1351 668 1382 ros
689 1368 703 1389 ,
746 1329 833 1398 qui
862 1348 1005 1380 meos
1033 1331 1226 1382 milites
1271 1334 1324 1383 in
1373 1335 1562 1403 praeliis
1597 1337 1800 1389 ordines

513 1468 550 1489 „
582 1429 773 1479 servare
800 1431 1035 1479 doceant.
1062 1426 1128 1478 Et
1145 1440 1200 1477 tu
1227 1426 1343 1478 Rex
1363 1428 1439 1479 vir
1460 1429 1664 1499 integrae
1678 1443 1801 1481 aeta—

504 1559 551 1581 ,‚
583 1520 648 1571 tis
677 1520 867 1572 existis.
913 1520 1025 1571 Rex
1064 1518 1307 1570 Salomon
1334 1521 1608 1573 duodecim
1635 1541 1799 1575 anno-

514 1650 550 1671 „
579 1629 692 1661 rum
721 1613 882 1662 aetatis
920 1609 1195 1679 imperium
1217 1609 1431 1678 suscepit
1459 1649 1472 1670 ,
1521 1613 1801 1680 habuitque

515 1740 552 1761 ,‚
582 1720 791 1771 magnas
813 1703 965 1760 vires,
993 1703 1043 1752 δι’
1071 1715 1211 1771 patre
1239 1699 1513 1770 sapientior
1533 1699 1652 1751 fuit.
1684 1700 1798 1770 Ego

514 1830 552 1851 ‚,
584 1812 787 1861 quoque
829 1811 947 1843 cum
990 1793 1112 1844 Nau
1140 1807 1282 1861 pater
1307 1809 1451 1842 meus
1496 1793 1696 1842 excessit
1734 1795 1797 1843 ab

512 1923 550 1943 ‚‚
580 1885 821 1935 humanis
842 1923 854 1944 ‚
897 1904 1020 1952 puer
1043 1872 1282 1935 t'ndeeiin
1309 1891 1559 1933 annorum
1589 1901 1792 1933 reman-

511 2015 556 2037 ‚,
583 1977 615 2027 fi
643 2016 655 2036 ,
687 1978 1030 2046 ingressusque
1077 1977 1246 2027 sedem
1266 1976 1462 2046 patris,
1507 1974 1625 2026 Deo
1649 1977 1800 2031 dante

479 2093 482 2095 Δ
513 2105 550 2126 ,,
582 2068 859 2135 ampliores
879 2087 1001 2137 opes
1024 2069 1072 2119 &
1091 2069 1222 2118 vires
1249 2086 1310 2118 eo
1331 2066 1440 2117 sum
1467 2065 1793 2117 consecutus.

512 2194 548 2214 ‚,
579 2158 720 2208 Nam
744 2160 796 2209 in
819 2179 973 2210 manu
997 2178 1110 2210 mea
1135 2177 1315 2210 omnes
1338 2156 1547 2208 finitimi
1567 2194 1582 2215 ,
1623 2157 1673 2207 &
1715 2175 1796 2208 re-

512 2290 549 2311 „
581 2256 667 2321 gni
689 2255 891 2307 Gentes
915 2257 1163 2307 existunt:
1206 2269 1474 2326 propterea
1492 2254 1647 2304 ambo
1676 2272 1792 2322 gra-

512 2385 548 2407 s,
572 2347 666 2394 tias
698 2347 813 2396 Deo
840 2368 985 2418 agere
1011 2351 1257 2401 debemus
1301 2350 1429 2400 tanti
1475 2348 1673 2415 accepti
1703 2349 1794 2396 be-

519 2473 556 2496 „
587 2439 776 2490 neficii.
823 2440 995 2491 Praebe
1021 2445 1148 2493 mihi
1172 2462 1314 2493 aures
1343 2443 1501 2494 frater
1525 2442 1574 2492 &
1604 2440 1798 2492 Domi-

512 2571 552 2593 ,‚
581 2534 849 2586 nejNam
879 2535 974 2584 hoc:
1004 2552 1105 2583 uno
1134 2537 1288 2584 verbo
1331 2553 1359 2584 a
1380 2534 1526 2584 vobis
1557 2531 1751 2601 postulo
1780 2565 1796 2585 ,

514 2661 557 2684 ‚,
589 2638 640 2676 vt
660 2623 755 2676 viri
781 2623 918 2675 doeti
947 2661 961 2684 ‚
1002 2637 1151 2694 atque
1191 2626 1347 2678 etiam
1397 2625 1614 2678 artifices
1661 2617 1794 2669 mihi

1665 2718 1787 2759 mlt-
