1998 3256
544 265 611 318 14
896 267 1178 308 DAMIANI
1232 273 1271 310 A
1316 275 1462 314 GOES

531 373 592 425 lit
620 371 962 424 Ferdinandus
982 373 1218 436 AluaruS‚
1242 378 1422 432 domus
1450 378 1640 432 Indicae
1657 374 1784 433 scri-

533 469 594 517 ba
621 505 635 526 ,
680 466 755 516 vir·
791 465 995 536 integrae
1023 470 1135 520 fidei
1154 508 1167 528 ,
1209 474 1295 540 qui
1319 475 1463 525 iuxta
1488 473 1613 523 illud
1638 474 1780 523 littus

530 558 786 611 rusculum
813 559 1025 609 habebat
1054 597 1068 619 ,
1116 563 1298 630 cuique
1326 564 1520 614 vicinus
1565 574 1668 613 erat
1705 560 1781 611 vir

529 653 718 722 probus
748 689 761 710 ,
797 651 1112 721 minimeque
1162 654 1351 717 fallax,
1398 655 1440 706 is
1467 653 1604 705 enim
1653 652 1785 704 vici-

528 764 624 797 nus
658 742 876 814 persaepe
906 782 918 803 ‚
945 744 1172 812 piscandi
1207 748 1366 816 gratia
1393 786 1406 806 ,
1452 747 1498 797 se
1528 747 1581 796 in
1631 742 1785 813 quos-

530 839 646 888 dam
698 835 860 885 litoris
891 834 1119 906 scopulos
1165 838 1456 890 conferebat
1483 876 1496 898 ,
1537 836 1606 888 ibi
1658 851 1782 884 cum

529 927 793 998 [negotium
843 928 923 976 die
973 929 1191 996 quadam
1240 930 1455 981 feliciter
1501 926 1786 979 succederet

530 1023 625 1090 (vt
661 1017 1008 1068 Ferdinandus
1043 1019 1103 1068 ab
1132 1037 1191 1069 eo
1229 1037 1315 1070 ore
1354 1034 1499 1071 tenus
1544 1011 1779 1082 accepit)

526 1109 686 1179 pisces
725 1128 850 1178 quos
894 1111 1045 1160 hamo
1072 1109 1299 1178 capiebat
1329 1147 1343 1169 ,
1371 1129 1397 1159 a
1425 1123 1565 1175 tergo
1608 1105 1678 1155 sui
1727 1104 1782 1153 in

525 1201 723 1250 aridum
751 1202 943 1267 scopuli
975 1201 1259 1249 anfradium
1289 1236 1303 1256 ,
1331 1216 1432 1265 quo
1456 1198 1613 1246 tutius
1636 1195 1782 1246 asser-

523 1310 779 1352 vatemus,
799 1292 1119 1361 proiiciebat.
1146 1291 1301 1359 Qiod
1330 1291 1536 1359 quidem
1558 1287 1779 1359 persaepe

523 1386 789 1436 inculcans
810 1423 821 1443 ‚
863 1385 1117 1434 interdum
1169 1384 1361 1433 nudum
1386 1379 1779 1438 adolescentem,

523 1480 909 1545 imberbemque
959 1495 1047 1545 per
1072 1478 1359 1528 anfraEfflm
1406 1473 1772 1542 conspiciebat.

524 1570 770 1621 Attamen
797 1584 914 1616 cum
966 1567 1016 1616 in
1048 1566 1138 1616 illo
1179 1567 1294 1616 loco
1318 1564 1672 1617 circumvicini
1698 1565 1781 1614 in-

523 1661 650 1711 colae
679 1657 980 1726 fraequenter
1006 1675 1121 1707 nare
1147 1657 1513 1710 consueuiffent
1541 1695 1555 1717 ‚
1604 1656 1778 1706 crede-

523 1752 610 1801 bat
646 1768 708 1800 ex
738 1750 798 1799 iis
826 1747 1047 1815 aliquem
1084 1749 1212 1801 forte
1248 1750 1374 1801 effe:
1406 1750 1487 1800 cui
1509 1787 1522 1808 ,
1551 1766 1671 1798 curn
1699 1747 1779 1796 in-

521 1853 692 1890 tentus
719 1838 984 1908 piscationi
1011 1839 1125 1890 effet
1145 1878 1157 1898 ,
1188 1840 1318 1889 nihil
1354 1840 1490 1889 verbi
1535 1838 1772 1888 faciebat.

522 1929 766 1983 Tandem
811 1929 1054 1978 intentius
1081 1932 1490 1981 animaduertens
1520 1966 1534 1989 ‚
1585 1926 1779 1978 adolest

521 2035 720 2072 centem
749 2018 909 2087 pisces
946 2036 1101 2070 manu
1127 2039 1303 2091 capere
1333 2058 1346 2079 ,
1383 2022 1432 2071 &
1453 2019 1514 2070 ad
1539 2037 1595 2068 os
1621 2014 1795 2068 dedu--v

520 2114 631 2164 &os
656 2111 799 2161 edere
846 2112 1068 2178 inspicit.
1112 2112 1231 2181 Qla
1280 2133 1332 2164 re
1357 2124 1647 2163 commotus
1688 2126 1776 2160 oc-

519 2205 676 2256 currit
698 2203 962 2252 hominem
983 2204 1246 2271 petiturus.
1281 2205 1396 2274 Qis
1413 2206 1637 2271 violento
1661 2220 1777 2252 cur-

519 2296 573 2346 su
595 2332 609 2354 ,
653 2293 958 2343 cachinnans
989 2332 1001 2352 ,
1033 2294 1296 2358 ridensque
1327 2334 1339 2355 ,
1395 2297 1446 2347 in
1475 2297 1648 2364 fugam
1675 2292 1780 2344 sese

519 2384 768 2452 proripuit
788 2419 799 2440 ‚
822 2384 998 2451 pelago
1022 2401 1118 2451 que
1141 2385 1342 2435 vrinans
1367 2387 1466 2438 sese
1493 2383 1773 2437 submersit.

627 2473 846 2524 EODEM
890 2473 1051 2524 ferme
1078 2487 1305 2542 tempore
1329 2513 1342 2534 ,
1383 2495 1409 2525 e
1435 2479 1640 2546 regione
1673 2475 1773 2525 Vr-

505 2565 599 2619 ,bis
624 2602 636 2622 ,
664 2563 843 2632 pelago
870 2563 1134 2614 interieem
1154 2603 1167 2624 ,
1203 2582 1306 2614 non
1333 2568 1508 2634 procul
1539 2569 1599 2618 ab
1625 2564 1775 2633 oppi-

517 2656 587 2706 do
617 2656 754 2724 quod
778 2654 1074 2706 Barrerium
1100 2654 1250 2706 nostri
1278 2657 1546 2709 nominant
1574 2694 1591 2718 ‚
1628 2658 1774 2707 iuxta

1647 2746 1744 2799 Al-
