1931 3239
167 202 338 242 PIDES
369 196 617 236 REI-'1610
648 195 921 246 MORESQ
951 199 1248 243 AETHIOP.
1308 209 1407 265 245

112 307 223 361 fieri
283 305 473 378 ponit,
516 301 862 355 obseruarnus.
910 302 1114 356 Deinde
1182 311 1413 376 prohibi-

116 414 228 452 tum
253 399 320 450 est
344 397 476 465 apud
502 413 596 446 nos
625 433 639 456 ‚
669 414 731 447 ne
759 410 844 448 aut
870 412 1046 467 gentes
1076 438 1091 460 ‚
1137 414 1225 451 aut
1262 421 1415 459 canes

117 506 205 545 aut
228 492 326 546 alja
351 489 646 560 hujusmodi
676 490 918 542 animalia
947 531 960 551 ,
1014 494 1068 544 in
1097 495 1288 564 templa
1325 512 1419 544 no-

126 583 226 640 stra
254 586 467 634 intrent.
518 583 654 635 Item
682 602 787 634 non
833 585 981 637 datur
1009 586 1223 656 potestas
1274 589 1423 639 nobis

116 677 334 728 adeundi
385 678 638 746 templum
668 716 681 737 ,
714 677 805 727 nisi
831 678 980 729 nudis
1024 680 1239 748 pedibus
1272 719 1285 740 ,
1335 697 1425 728 ne-

121 792 219 843 que
246 773 367 823 licet
393 773 542 824 nobis
574 774 627 824 in
656 772 762 843 ipso
788 774 984 844 templo
1012 776 1175 828 ridere
1207 817 1221 839 ,
1243 778 1426 827 obam-

125 865 298 916 bulare
331 903 345 925 ,
372 880 458 917 aut
485 866 547 916 de
573 868 724 918 rebus
771 869 1050 938 prophanis
1093 870 1235 939 loqui
1267 908 1280 929 ‚
1334 887 1428 920 nec

129 955 306 1026 spuere
337 995 350 1016 ,
377 972 463 1009 aut
516 957 707 1010 screare
760 961 813 1011 in
864 961 974 1030 ipso
1025 961 1242 1031 templo.
1289 962 1431 1030 Qiia

129 1048 369 1100 Ecclefiae
414 1049 706 1121 Aethiopiae
750 1071 860 1103 non
906 1055 1021 1105 sunt
1060 1054 1250 1105 slmiles
1292 1070 1438 1106 terrae

132 1141 210 1192 illi
242 1180 255 1200 ,
283 1142 367 1192 vbi
397 1143 615 1210 populus
647 1141 799 1193 Israel
826 1143 1050 1193 comedit
1084 1161 1271 1212 agnum
1318 1142 1437 1192 Pas-

137 1236 338 1287 chalem
369 1274 381 1294 ‚
415 1237 663 1286 decedens
691 1239 752 1286 ab
778 1236 1016 1306 Aegypto
1043 1274 1056 1295 ,
1098 1237 1151 1286 in
1176 1255 1277 1305 qno
1323 1222 1440 1286 loeo

143 1333 290 1386 Deus
309 1333 447 1399 justit
473 1347 562 1381 eos
585 1332 848 1381 comedere
895 1331 1099 1381 indutos
1121 1333 1441 1383 calceamen-

140 1426 207 1476 tis
237 1461 250 1482 ,
275 1425 328 1474 δεῖ
354 1425 502 1475 zonis
530 1425 787 1476 accinfflos
831 1441 1036 1492 propter
1082 1438 1225 1476 terrae
1271 1427 1442 1495 pollu-

144 1518 361 1568 tionem.
424 1517 520 1567 Sed
566 1516 750 1566 similes
814 1514 927 1565 sunt
980 1531 1184 1567 montes
1255 1516 1393 1568 Sinai
1425 1555 1439 1576 ‚

142 1610 236 1670 vbi
263 1611 351 1661 Do
367 1611 541 1661 minus
569 1611 770 1661 locutus
799 1610 865 1661 est
901 1609 1040 1662 Mofi
1068 1613 1240 1664 dicens
1272 1635 1283 1664 ε
1328 1615 1447 1665 Mo-

130 1705 215 1774 ses
239 1743 253 1765 ,
282 1705 470 1774 illesa,
537 1723 654 1754 exue
703 1705 1019 1757 calceamenta
1069 1719 1154 1757 tua
1177 1746 1189 1766 ,
1229 1710 1450 1776 qumiczm

151 1810 287 1847 terra
314 1836 328 1856 ,
383 1818 520 1866 quam
535 1800 676 1866 pedes
714 1798 789 1848 tui
825 1812 1051 1867 premunt
1085 1839 1100 1860 ,
1132 1802 1312 1872 sanc‘ffa
1364 1806 1442 1871 cst.

155 1891 223 1943 Et
249 1894 332 1943 hic
360 1911 508 1943 mons
538 1891 676 1942 Sinai
726 1912 905 1961 parens
935 1895 1215 1945 nostrarum
1262 1895 1445 1946 Ecde-

155 1989 339 2040 fiarum
366 1987 433 2037 est
463 2026 476 2046 ,
524 2005 589 2037 ex
629 2006 729 2055 quo
757 1988 896 2038 suam
941 2003 1245 2058 acceperunt
1295 1991 1458 2060 origi-

156 2100 278 2135 nem
304 2083 374 2132 ita
404 2119 417 2139 ‚
444 2092 496 2131 vt
523 2078 752 2147 Apostoli
775 2099 839 2132 ex
864 2080 1133 2151 Prophetis
1162 2114 1173 2134 ,
1196 2081 1245 2131 &
1265 2100 1462 2135 nouum

159 2176 514 2228 testamentum
543 2191 570 2222 a
597 2186 782 2224 vetere.
827 2172 1073 2224 Praeterea
1100 2192 1190 2224 nec
1231 2173 1459 2225 sacerdo-

162 2269 203 2320 ti
235 2284 365 2328 ‚nec
391 2264 526 2315 laico
555 2303 570 2324 ,
622 2264 699 2316 vel
750 2265 835 2316 alii
883 2265 1105 2334 personae
1151 2268 1294 2317 cuius
1339 2284 1468 2318 con-

165 2359 376 2410 ditionis
403 2357 459 2407 s1t
489 2394 502 2415 ‚
543 2357 787 2424 affumpta
832 2357 1104 2407 venerabili
1153 2355 1469 2409 Eucharistia

165 2452 288 2502 licet
353 2467 575 2518 expuere
623 2470 652 2501 a
701 2463 931 2520 tempore
992 2452 1249 2502 matutino
1316 2451 1470 2519 vsque

168 2546 231 2597 ad
257 2543 493 2596 oceasum
520 2543 648 2596 Solis
678 2581 692 2604 ‚
721 2545 769 2596 &
817 2545 853 2596 s1
897 2544 1091 2614 spuerit
1120 2553 1135 2605 ‚'
1182 2545 1469 2615 grauissima

171 2660 328 2713 poena
355 2639 620 2692 multatur.

1277 2725 1436 2780 ITEM
