1931 3239
458 213 895 267 §rur-Anxa·
1285 218 1354 273 61

137 338 224 393 est.
265 335 345 390 Ex
387 351 487 403 quo
515 331 665 383 facile
699 342 937 400 apparet,
990 346 1145 400 quarn
1186 332 1393 400 religio-

136 430 171 481 si
216 429 407 497 semper
431 425 619 477 fuerint
669 423 934 494 Hispani,
983 425 1031 476 &
1076 442 1230 493 quam
1255 424 1397 476 dedi-

135 529 173 579 ti
211 522 369 576 cultui
395 521 572 574 diuino
600 557 615 579 ‚
666 538 787 572 curn
813 534 920 570 tam
959 519 1235 570 liberaliter
1285 517 1397 569 suas

132 614 476 685 eleemosynas
522 615 711 668 Christi
738 614 958 691 ecclesiis
998 612 1244 682 impartiti
1278 612 1397 664 fint.

127 708 304 761 Habet
320 709 526 760 vlterius
546 727 759 779 regnum
785 706 1016 759 Castellae
1037 720 1254 776 quatuor
1277 704 1407 756 Ma-

133 800 311 870 gistros
338 800 585 870 Equitum
603 839 616 860 ,
644 801 727 851 seu
748 800 766 868 (
786 812 840 851 vt
863 796 1082 865 vocant)
1106 795 1396 857 Ordinum,

66 908 81 910 “
129 897 218 965 qui
245 914 459 965 magnos
485 897 761 948 admodum
790 895 978 947 habent
1003 895 1214 946 reditus.
1243 893 1396 955 Quo-

128 1009 244 1042 rum
270 991 465 1059 primus
493 990 542 1041 S.
580 990 754 1041 Iacobi
782 990 868 1041 est.
913 990 1178 1041 Secundus
1237 986 1400 1053 Cala-

130 1096 301 1135 travae.
364 1083 578 1135 Tertius
617 1082 926 1155 Alcantarae3
962 1082 1092 1134 Haec}
1134 1084 1232 1133 tria
1253 1081 1395 1135 Offi-

130 1177 212 1227 cia
246 1177 553 1246 dignitatum
574 1213 588 1235 ‚
620 1178 937 1244 temporibus
986 1177 1294 1229 Ferdinandi
1346 1179 1398 1230 δε

133 1270 408 1324 Elizabeth
439 1307 452 1327 ,
482 1267 873 1320 Catholicorum
918 1287 1096 1339 regum
1121 1267 1353 1321 Casteilae
1381 1309 1395 1331 ‚

133 1382 252 1415 cum
281 1363 524 1415 consensu
573 1363 840 1415 Pontificis
892 1365 953 1415 ad
982 1383 1226 1417 coronam
1255 1369 1401 1436 regni

135 1457 372 1506 deuoluta
409 1456 542 1509 sunt.
586 1455 812 1525 Quartus
839 1457 906 1508 est
933 1458 1179 1528 Magister
1227 1460 1400 1529 Equi-

133 1559 244 1597 turn
288 1547 654 1598 Rhodiensium
686 1586 700 1607 ,
741 1547 957 1600 Ordinis
988 1550 1119 1602 Diui
1163 1551 1395 1606 Ioannis.

130 1638 276 1691 Ordo
312 1640 481 1692 Sanffi
514 1641 689 1692 Iacobi
735 1657 942 1694 ornatur
985 1646 1183 1696 duobus
1227 1644 1396 1700 Com-

131 1733 457 1784 mendatariis
490 1736 669 1803 primis
701 1774 713 1793 ,
766 1755 986 1806 quorum
1021 1757 1150 1792 vnus
1205 1741 1398 1792 dicitur

131 1824 619 1878 Commendatarius
668 1830 829 1881 maior
869 1819 1187 1883 Castellenfis
1214 1871 1227 1892 ,
1264 1834 1391 1884 alter

133 1915 430 1966 Leonenfis÷
495 1914 718 1981 Ordines
746 1919 1034 1971 Alcantarae
1085 1924 1134 1974 &
1163 1921 1398 1973 Calatra-

133 2026 206 2059 vae
230 2045 245 2067 ‚
285 2007 469 2058 habent
508 2009 688 2079 singuli
740 2012 887 2064 suum
930 2011 1388 2066 Commendatari-

133 2116 225 2148 um
276 2099 525 2149 maiorem
572 2102 621 2152 &
673 2100 818 2154 suum
849 2102 1188 2174 Clauigerum
1219 2144 1232 2166 ,
1302 2104 1394 2157 sub

134 2190 321 2258 quibus
378 2189 657 2242 maioribus
707 2196 1159 2248 commendatariis
1218 2198 1427 2267 ingens‘

137 2280 713 2342 Commendatariorum
741 2287 991 2357 Equitum
1018 2290 1084 2341 est
1107 2293 1278 2360 copia,
1307 2293 1400 2344 ha-

136 2370 371 2420 bentium
413 2389 624 2444 magnos
673 2377 884 2429 reditus.
929 2379 1237 2450 Aragoniae,
1291 2383 1399 2435 Va·

135 2461 305 2510 lentiae
336 2498 348 2516 ‚
387 2463 436 2512 ὃ(
463 2461 766 2519 Catalloniae
793 2488 948 2539 regna
997 2491 1156 2524 vnum
1209 2476 1397 2528 habent

137 2548 388 2617 Equitum
416 2552 722 2629 Magistrum
761 2557 975 2612 Ordinis
1002 2562 1273 2617 Montefiae
1290 2585 1402 2619 ma-

133 2663 262 2722 gnos
301 2663 505 2718 quoque
525 2652 798 2705 habentem
823 2656 1034 2710 redituS.

702 2745 749 2799 F
787 2761 821 2802 2
1177 2751 1368 2804 Portu·
