1931 3239
420 243 773 283 omsrpoms
816 247 1192 292 DESCRIPTIO
1330 262 1406 318 ⁷33

146 356 438 408 nutriendos
465 351 768 420 alendosque
807 367 983 415 curat,
1014 357 1169 424 priori
1215 358 1294 410 illi
1359 381 1445 413 ce-

147 449 284 501 dens·
329 447 392 500 Id
418 459 634 518 quatuor
658 447 913 500 dividitur
935 450 1167 503 claustris
1194 492 1209 513 ‚
1241 454 1441 508 hortis-

147 562 243 613 que
265 545 620 596 amoeniffimis
644 580 658 602 ‚
698 544 1085 614 porticibusque
1132 561 1356 616 quatuor
1392 553 1444 604 &

144 635 372 705 triginta,
400 637 583 705 quibus
610 636 951 688 circumcirca
980 639 1313 691 continenter
1349 645 1443 693 ad-

140 725 332 779 haerent
357 730 488 780 aedes
510 727 1092 797 magnificae‚tricliniis‚
1120 729 1294 789 lectis,
1331 728 1443 781 cul-

142 822 354 892 citisque
400 823 739 874 mundissimis
773 822 1009 872 decenter
1059 837 1271 876 ornatae.
1333 825 1432 879 Ibi

143 927 392 980 pauperes
417 923 721 979 aegrotantes
748 908 970 978 benigne
994 947 1009 969 ,
1047 911 1432 978 liberaliterque

142 1003 500 1072 excipiuntur:
568 1022 662 1054 nec
714 1000 808 1054 nisi
848 1017 1146 1073 recuperata
1190 1004 1244 1054 in
1289 1005 1430 1058 inte-

144 1115 293 1165 grum
348 1097 636 1147 valetudine
689 1097 806 1147 inde
859 1098 1233 1156 dimittuntur,
1305 1100 1429 1152 dato

147 1184 356 1253 insuper
382 1185 683 1252 quibusdam
711 1186 898 1235 viatico
928 1224 942 1244 ,
968 1205 1071 1254 quo
1111 1187 1160 1236 se
1181 1205 1284 1237 non
1307 1208 1436 1258 pau-

146 1293 238 1328 cos
269 1276 375 1326 dies
406 1313 421 1334 ,
449 1276 573 1325 dum
607 1274 858 1325 firmiores
901 1275 1303 1345 valentioresque
1355 1278 1435 1328 ef·-

144 1371 268 1421 feffl
319 1369 547 1427 fuerint,
595 1367 695 1418 fine
736 1369 843 1418 ullo
890 1368 1064 1419 labore
1113 1388 1170 1420 ac
1201 1371 1434 1423 molestia

145 1461 403 1512 subleuare
465 1460 664 1528 possint.
710 1459 810 1510 His
863 1479 1013 1528 porro
1066 1463 1371 1530 quaestorum
1411 1502 1430 1524 ,

144 1563 436 1600 curatorum
462 1584 475 1605 ,
503 1547 847 1608 medicorum,
870 1550 1425 1620 pharmacopolarum,

140 1654 528 1707 ceterorumque
567 1639 917 1691 ministrorum
959 1642 1141 1692 domus
1169 1645 1308 1696 recte
1347 1643 1430 1694 di-

142 1734 338 1786 stinctis
364 1732 630 1782 ordinibus
680 1732 973 1800 conjunctae
1020 1733 1134 1784 sunt
1162 1755 1173 1785 ε
1202 1748 1257 1786 vt
1279 1736 1429 1787 infir-

143 1816 296 1879 mis‚'
354 1821 508 1890 siquis
553 1820 691 1871 casus
739 1822 1062 1872 neceffitasue
1113 1826 1359 1876 acciderit
1410 1860 1428 1886 ,

144 1908 320 1972 praesto
340 1907 534 1976 semper
559 1912 718 1961 adsint
745 1949 759 1969 ‚
789 1912 995 1979 diesque
1021 1914 1301 1982 noctesque
1329 1933 1424 1984 pro
1486 1970 1489 1972 ,

145 1995 193 2049 se
236 1997 445 2066 quisque
483 1998 654 2048 sedulo
691 2000 1064 2069 diligenterque
1106 2001 1426 2055 inserviant:

143 2089 267 2143 adeo
297 2101 350 2141 vt
377 2090 508 2140 inter
531 2090 724 2159 reliqua
742 2091 880 2159 regia
907 2090 1246 2143 Xenodochia
1263 2131 1277 2154 ,
1300 2095 1430 2162 qui-

144 2184 240 2236 bus
290 2182 607 2251 ampliffimis
675 2182 1120 2252 celeberrimisque
1175 2183 1435 2254 Hispania

142 2273 317 2344 passim
344 2286 523 2344 praeter
545 2285 733 2324 ceteras
772 2268 933 2323 Orbis
970 2271 1254 2327 Christiani
1305 2296 1431 2347 pro-

142 2369 337 2420 vincias
358 2369 542 2420 referta
579 2368 672 2427 est,
704 2365 930 2419 nostrum
963 2367 1062 2419 hoc
1094 2369 1254 2422 facile
1280 2372 1435 2440 prin-

140 2460 374 2529 cipatum
421 2461 512 2512 fibi
558 2461 824 2514 vendicet.
867 2459 968 2512 Pro
1005 2458 1308 2512 huius·vero
1357 2460 1444 2511 fo·-

138 2551 283 2606 1ibus
333 2571 550 2623 campus
622 2565 765 2623 patet
814 2562 1017 2622 apertus
1047 2588 1062 2612 ‚
1086 2551 1269 2622 planus
1297 2548 1446 2601 vndi-

145 2661 251 2716 que
277 2683 296 2708 ,
347 2647 603 2719 quadrato
630 2647 825 2702 aedium
871 2644 1334 2718 pulcherrimarum
1361 2657 1448 2690 oro

1331 2731 1453 2785 dine
