<?xml version="1.0" encoding="UTF-8"?>
<!DOCTYPE html PUBLIC "-//W3C//DTD XHTML 1.0 Transitional//EN"
    "http://www.w3.org/TR/xhtml1/DTD/xhtml1-transitional.dtd">
<html xmlns="http://www.w3.org/1999/xhtml" xml:lang="en" lang="en">
 <head>
  <title>
</title>
<meta http-equiv="Content-Type" content="text/html;charset=utf-8" />
  <meta name='ocr-system' content='tesseract 3.04.00' />
  <meta name='ocr-capabilities' content='ocr_page ocr_carea ocr_par ocr_line ocrx_word'/>
</head>
<body>
  <div class='ocr_page' id='page_1' title='image "./damianigoesopusc00gi_0125.png"; bbox 0 0 1931 3239; ppageno 0'>
   <div class='ocr_carea' id='block_1_1' title="bbox 464 236 1359 302">
    <p class='ocr_par' dir='ltr' id='par_1_1' title="bbox 464 236 1359 302">
     <span class='ocr_line' id='line_1_1' title="bbox 464 236 1359 302; baseline 0.004 -24"><span class='ocrx_word' id='word_1_1' title='bbox 464 236 962 279; x_wconf 53' lang='lat' dir='ltr'>«HYSPANIA</span> <span class='ocrx_word' id='word_1_2' title='bbox 1288 249 1359 302; x_wconf 74' lang='lat'><strong>95</strong></span> 
     </span>
    </p>
   </div>
   <div class='ocr_carea' id='block_1_2' title="bbox 120 345 1419 2752">
    <p class='ocr_par' dir='ltr' id='par_1_2' title="bbox 120 345 1419 2752">
     <span class='ocr_line' id='line_1_2' title="bbox 126 345 1398 414; baseline -0.008 -4"><span class='ocrx_word' id='word_1_3' title='bbox 126 355 225 414; x_wconf 63' lang='lat' dir='ltr'><strong>fif,</strong></span> <span class='ocrx_word' id='word_1_4' title='bbox 259 365 311 406; x_wconf 85' lang='lat' dir='ltr'><strong>vt</strong></span> <span class='ocrx_word' id='word_1_5' title='bbox 358 347 873 400; x_wconf 81' lang='lat' dir='ltr'><strong>discedente-aduena</strong></span> <span class='ocrx_word' id='word_1_6' title='bbox 906 386 918 407; x_wconf 90' lang='lat'>,</span> <span class='ocrx_word' id='word_1_7' title='bbox 982 345 1111 396; x_wconf 82' lang='lat' dir='ltr'><strong>nihil</strong></span> <span class='ocrx_word' id='word_1_8' title='bbox 1171 348 1398 401; x_wconf 79' lang='lat' dir='ltr'><strong>rixarum</strong></span> 
     </span>
     <span class='ocr_line' id='line_1_3' title="bbox 127 440 1399 509; baseline -0.009 -8"><span class='ocrx_word' id='word_1_9' title='bbox 127 450 321 500; x_wconf 81' lang='lat' dir='ltr'><strong>oriatur</strong></span> <span class='ocrx_word' id='word_1_10' title='bbox 342 481 354 502; x_wconf 92' lang='lat'><em>‚</em></span> <span class='ocrx_word' id='word_1_11' title='bbox 394 442 526 493; x_wconf 79' lang='lat' dir='ltr'><strong>nihil</strong></span> <span class='ocrx_word' id='word_1_12' title='bbox 554 444 599 493; x_wconf 88' lang='lat' dir='ltr'><strong>ei</strong></span> <span class='ocrx_word' id='word_1_13' title='bbox 637 441 892 492; x_wconf 82' lang='lat' dir='ltr'><strong>auferatur</strong></span> <span class='ocrx_word' id='word_1_14' title='bbox 922 478 935 499; x_wconf 92' lang='lat'><em>,</em></span> <span class='ocrx_word' id='word_1_15' title='bbox 965 440 1095 489; x_wconf 86' lang='lat' dir='ltr'><strong>nihil</strong></span> <span class='ocrx_word' id='word_1_16' title='bbox 1122 454 1399 509; x_wconf 70' lang='lat' dir='ltr'><strong>extorque-</strong></span> 
     </span>
     <span class='ocr_line' id='line_1_4' title="bbox 129 533 1402 606; baseline -0.005 -14"><span class='ocrx_word' id='word_1_17' title='bbox 129 555 239 593; x_wconf 85' lang='lat' dir='ltr'><strong>atur</strong></span> <span class='ocrx_word' id='word_1_18' title='bbox 267 576 281 597; x_wconf 87' lang='lat'>‚</span> <span class='ocrx_word' id='word_1_19' title='bbox 324 556 442 587; x_wconf 84' lang='lat' dir='ltr'><strong>cum</strong></span> <span class='ocrx_word' id='word_1_20' title='bbox 472 536 681 606; x_wconf 80' lang='lat' dir='ltr'><strong>ipsemet</strong></span> <span class='ocrx_word' id='word_1_21' title='bbox 715 535 858 585; x_wconf 79' lang='lat' dir='ltr'><strong>cibos</strong></span> <span class='ocrx_word' id='word_1_22' title='bbox 887 533 976 583; x_wconf 79' lang='lat' dir='ltr'><strong>fibi</strong></span> <span class='ocrx_word' id='word_1_23' title='bbox 1000 546 1139 584; x_wconf 80' lang='lat' dir='ltr'><strong>emat</strong></span> <span class='ocrx_word' id='word_1_24' title='bbox 1164 571 1175 592; x_wconf 89' lang='lat'>‚</span> <span class='ocrx_word' id='word_1_25' title='bbox 1207 533 1402 603; x_wconf 76' lang='lat' dir='ltr'><strong>sibique</strong></span> 
     </span>
     <span class='ocr_line' id='line_1_5' title="bbox 127 630 1402 699; baseline -0.004 -13"><span class='ocrx_word' id='word_1_26' title='bbox 127 653 193 686; x_wconf 84' lang='lat' dir='ltr'><strong>ex</strong></span> <span class='ocrx_word' id='word_1_27' title='bbox 216 634 402 684; x_wconf 79' lang='lat' dir='ltr'><strong>tabulis</strong></span> <span class='ocrx_word' id='word_1_28' title='bbox 449 631 725 684; x_wconf 76' lang='lat' dir='ltr'><strong>diuersorio</strong></span> <span class='ocrx_word' id='word_1_29' title='bbox 777 630 941 680; x_wconf 79' lang='lat' dir='ltr'><strong>affixis</strong></span> <span class='ocrx_word' id='word_1_30' title='bbox 991 630 1222 688; x_wconf 79' lang='lat' dir='ltr'><strong>constet,</strong></span> <span class='ocrx_word' id='word_1_31' title='bbox 1278 632 1402 699; x_wconf 80' lang='lat' dir='ltr'><strong>quid</strong></span> 
     </span>
     <span class='ocr_line' id='line_1_6' title="bbox 125 721 1404 795; baseline -0.002 -18"><span class='ocrx_word' id='word_1_32' title='bbox 125 727 314 795; x_wconf 76' lang='lat' dir='ltr'>hospiti</span> <span class='ocrx_word' id='word_1_33' title='bbox 366 725 810 776; x_wconf 83' lang='lat' dir='ltr'><strong>annumerandum</strong></span> <span class='ocrx_word' id='word_1_34' title='bbox 847 723 923 773; x_wconf 84' lang='lat' dir='ltr'><strong>fit.</strong></span> <span class='ocrx_word' id='word_1_35' title='bbox 969 721 1098 773; x_wconf 65' lang='lat' dir='ltr'><strong>Hcec</strong></span> <span class='ocrx_word' id='word_1_36' title='bbox 1147 736 1320 773; x_wconf 78' lang='lat' dir='ltr'><strong>autem</strong></span> <span class='ocrx_word' id='word_1_37' title='bbox 1350 724 1404 774; x_wconf 85' lang='lat' dir='ltr'><strong>in</strong></span> 
     </span>
     <span class='ocr_line' id='line_1_7' title="bbox 125 809 1403 889; baseline -0.002 -17"><span class='ocrx_word' id='word_1_38' title='bbox 125 822 425 872; x_wconf 81' lang='lat' dir='ltr'><strong>ciuitatibus</strong></span> <span class='ocrx_word' id='word_1_39' title='bbox 467 823 515 872; x_wconf 83' lang='lat'>&amp;</span> <span class='ocrx_word' id='word_1_40' title='bbox 542 809 746 889; x_wconf 72' lang='lat' dir='ltr'><strong>dppidis</strong></span> <span class='ocrx_word' id='word_1_41' title='bbox 788 832 987 869; x_wconf 84' lang='lat' dir='ltr'><strong>tantum</strong></span> <span class='ocrx_word' id='word_1_42' title='bbox 1019 818 1178 869; x_wconf 75' lang='lat' dir='ltr'><strong>fiunt:</strong></span> <span class='ocrx_word' id='word_1_43' title='bbox 1229 820 1284 869; x_wconf 85' lang='lat' dir='ltr'><strong>in</strong></span> <span class='ocrx_word' id='word_1_44' title='bbox 1311 838 1403 888; x_wconf 87' lang='lat' dir='ltr'><strong>pa-</strong></span> 
     </span>
     <span class='ocr_line' id='line_1_8' title="bbox 126 912 1404 985; baseline -0.002 -19"><span class='ocrx_word' id='word_1_45' title='bbox 126 916 206 985; x_wconf 79' lang='lat' dir='ltr'><strong>gis</strong></span> <span class='ocrx_word' id='word_1_46' title='bbox 241 917 292 966; x_wconf 87' lang='lat'>&amp;</span> <span class='ocrx_word' id='word_1_47' title='bbox 323 914 458 964; x_wconf 78' lang='lat' dir='ltr'><strong>viliis</strong></span> <span class='ocrx_word' id='word_1_48' title='bbox 477 954 489 974; x_wconf 90' lang='lat'><em>,</em></span> <span class='ocrx_word' id='word_1_49' title='bbox 519 914 601 964; x_wconf 85' lang='lat' dir='ltr'><strong>vbi</strong></span> <span class='ocrx_word' id='word_1_50' title='bbox 630 914 856 984; x_wconf 86' lang='lat' dir='ltr'>propolae</span> <span class='ocrx_word' id='word_1_51' title='bbox 885 912 1067 962; x_wconf 77' lang='lat' dir='ltr'>desunt</span> <span class='ocrx_word' id='word_1_52' title='bbox 1097 951 1110 972; x_wconf 93' lang='lat'><strong><em>‚</em></strong></span> <span class='ocrx_word' id='word_1_53' title='bbox 1136 913 1258 962; x_wconf 85' lang='lat' dir='ltr'><strong>licet</strong></span> <span class='ocrx_word' id='word_1_54' title='bbox 1279 933 1404 983; x_wconf 76' lang='lat' dir='ltr'>pan-</span> 
     </span>
     <span class='ocr_line' id='line_1_9' title="bbox 132 1009 1404 1079; baseline -0.001 -18"><span class='ocrx_word' id='word_1_55' title='bbox 132 1010 336 1061; x_wconf 88' lang='lat' dir='ltr'><strong>docheis</strong></span> <span class='ocrx_word' id='word_1_56' title='bbox 380 1011 548 1061; x_wconf 74' lang='lat' dir='ltr'><strong>eduiia</strong></span> <span class='ocrx_word' id='word_1_57' title='bbox 588 1012 799 1061; x_wconf 86' lang='lat' dir='ltr'><strong>vendere</strong></span> <span class='ocrx_word' id='word_1_58' title='bbox 849 1028 939 1079; x_wconf 83' lang='lat' dir='ltr'><strong>pro</strong></span> <span class='ocrx_word' id='word_1_59' title='bbox 967 1009 1178 1061; x_wconf 79' lang='lat' dir='ltr'><strong>arbitrio</strong></span> <span class='ocrx_word' id='word_1_60' title='bbox 1202 1048 1215 1068; x_wconf 90' lang='lat'><em>,</em></span> <span class='ocrx_word' id='word_1_61' title='bbox 1268 1023 1404 1060; x_wconf 69' lang='lat' dir='ltr'><strong>eete-</strong></span> 
     </span>
     <span class='ocr_line' id='line_1_10' title="bbox 131 1103 1406 1158; baseline 0.002 -3"><span class='ocrx_word' id='word_1_62' title='bbox 131 1121 188 1155; x_wconf 82' lang='lat' dir='ltr'><strong>ra</strong></span> <span class='ocrx_word' id='word_1_63' title='bbox 230 1119 292 1151; x_wconf 87' lang='lat' dir='ltr'><strong>ex</strong></span> <span class='ocrx_word' id='word_1_64' title='bbox 341 1103 631 1152; x_wconf 84' lang='lat' dir='ltr'><strong>tabularum</strong></span> <span class='ocrx_word' id='word_1_65' title='bbox 682 1104 855 1154; x_wconf 81' lang='lat' dir='ltr'><strong>teffera</strong></span> <span class='ocrx_word' id='word_1_66' title='bbox 914 1105 1225 1155; x_wconf 79' lang='lat' dir='ltr'><strong>indicantur.</strong></span> <span class='ocrx_word' id='word_1_67' title='bbox 1275 1105 1406 1158; x_wconf 73' lang='lat' dir='ltr'><strong>Haec</strong></span> 
     </span>
     <span class='ocr_line' id='line_1_11' title="bbox 131 1191 1409 1264; baseline 0.005 -20"><span class='ocrx_word' id='word_1_68' title='bbox 131 1191 432 1244; x_wconf 79' lang='lat' dir='ltr'><strong>immanitas</strong></span> <span class='ocrx_word' id='word_1_69' title='bbox 473 1209 577 1241; x_wconf 89' lang='lat' dir='ltr'><strong>non</strong></span> <span class='ocrx_word' id='word_1_70' title='bbox 627 1206 732 1243; x_wconf 85' lang='lat' dir='ltr'><strong>tam</strong></span> <span class='ocrx_word' id='word_1_71' title='bbox 780 1194 885 1244; x_wconf 88' lang='lat' dir='ltr'><strong>fera</strong></span> <span class='ocrx_word' id='word_1_72' title='bbox 920 1195 1152 1255; x_wconf 83' lang='lat' dir='ltr'><strong>videtur,</strong></span> <span class='ocrx_word' id='word_1_73' title='bbox 1202 1215 1409 1264; x_wconf 84' lang='lat' dir='ltr'><strong>quama</strong></span> 
     </span>
     <span class='ocr_line' id='line_1_12' title="bbox 133 1281 1410 1352; baseline 0.008 -18"><span class='ocrx_word' id='word_1_74' title='bbox 133 1281 405 1334; x_wconf 77' lang='lat' dir='ltr'>Munstero</span> <span class='ocrx_word' id='word_1_75' title='bbox 456 1283 764 1352; x_wconf 78' lang='lat' dir='ltr'><strong>depingitur.</strong></span> <span class='ocrx_word' id='word_1_76' title='bbox 813 1286 1016 1336; x_wconf 85' lang='lat' dir='ltr'><strong>Deinde</strong></span> <span class='ocrx_word' id='word_1_77' title='bbox 1069 1287 1102 1336; x_wconf 88' lang='lat' dir='ltr'>fi</span> <span class='ocrx_word' id='word_1_78' title='bbox 1129 1291 1190 1339; x_wconf 76' lang='lat' dir='ltr'><strong>ad</strong></span> <span class='ocrx_word' id='word_1_79' title='bbox 1218 1289 1410 1344; x_wconf 85' lang='lat' dir='ltr'><strong>huma-</strong></span> 
     </span>
     <span class='ocr_line' id='line_1_13' title="bbox 135 1374 1410 1454; baseline 0.009 -30"><span class='ocrx_word' id='word_1_80' title='bbox 135 1375 352 1424; x_wconf 77' lang='lat' dir='ltr'><strong>nitatem</strong></span> <span class='ocrx_word' id='word_1_81' title='bbox 406 1374 658 1427; x_wconf 83' lang='lat' dir='ltr'><strong>Italorum</strong></span> <span class='ocrx_word' id='word_1_82' title='bbox 689 1415 703 1435; x_wconf 87' lang='lat'><em>,</em></span> <span class='ocrx_word' id='word_1_83' title='bbox 746 1377 1200 1450; x_wconf 75' lang='lat' dir='ltr'>Hispanorumque</span> <span class='ocrx_word' id='word_1_84' title='bbox 1251 1385 1410 1454; x_wconf 82' lang='lat' dir='ltr'><strong>respi-</strong></span> 
     </span>
     <span class='ocr_line' id='line_1_14' title="bbox 136 1467 1412 1543; baseline 0.009 -28"><span class='ocrx_word' id='word_1_85' title='bbox 136 1467 242 1518; x_wconf 84' lang='lat' dir='ltr'>cias</span> <span class='ocrx_word' id='word_1_86' title='bbox 269 1505 281 1527; x_wconf 89' lang='lat'><em>,</em></span> <span class='ocrx_word' id='word_1_87' title='bbox 333 1470 440 1521; x_wconf 85' lang='lat' dir='ltr'><strong>haec</strong></span> <span class='ocrx_word' id='word_1_88' title='bbox 486 1470 711 1520; x_wconf 84' lang='lat' dir='ltr'><strong>invenies</strong></span> <span class='ocrx_word' id='word_1_89' title='bbox 749 1509 760 1529; x_wconf 95' lang='lat'><em>,</em></span> <span class='ocrx_word' id='word_1_90' title='bbox 789 1488 908 1521; x_wconf 81' lang='lat' dir='ltr'><strong>cum</strong></span> <span class='ocrx_word' id='word_1_91' title='bbox 953 1474 1014 1522; x_wconf 85' lang='lat' dir='ltr'><strong>ad</strong></span> <span class='ocrx_word' id='word_1_92' title='bbox 1069 1477 1412 1543; x_wconf 39' lang='lat' dir='ltr'><strong>eorum-ciui-</strong></span> 
     </span>
     <span class='ocr_line' id='line_1_15' title="bbox 133 1556 1412 1627; baseline 0.01 -20"><span class='ocrx_word' id='word_1_93' title='bbox 133 1569 263 1609; x_wconf 80' lang='lat' dir='ltr'><strong>tates</strong></span> <span class='ocrx_word' id='word_1_94' title='bbox 314 1563 530 1610; x_wconf 82' lang='lat' dir='ltr'><strong>veneris.</strong></span> <span class='ocrx_word' id='word_1_95' title='bbox 574 1561 827 1613; x_wconf 79' lang='lat' dir='ltr'><strong>Amicitia</strong></span> <span class='ocrx_word' id='word_1_96' title='bbox 883 1556 1184 1627; x_wconf 55' lang='lat' dir='ltr'><strong>contradia,</strong></span> <span class='ocrx_word' id='word_1_97' title='bbox 1246 1568 1412 1619; x_wconf 83' lang='lat' dir='ltr'><strong>offici-</strong></span> 
     </span>
     <span class='ocr_line' id='line_1_16' title="bbox 120 1648 1400 1728; baseline 0.008 -29"><span class='ocrx_word' id='word_1_98' title='bbox 120 1667 224 1700; x_wconf 81' lang='lat' dir='ltr'><strong>·um</strong></span> <span class='ocrx_word' id='word_1_99' title='bbox 263 1648 410 1702; x_wconf 87' lang='lat' dir='ltr'>suum</span> <span class='ocrx_word' id='word_1_100' title='bbox 462 1653 798 1723; x_wconf 83' lang='lat' dir='ltr'><strong>v-nusquisque</strong></span> <span class='ocrx_word' id='word_1_101' title='bbox 842 1658 999 1726; x_wconf 82' lang='lat' dir='ltr'><strong>gratis</strong></span> <span class='ocrx_word' id='word_1_102' title='bbox 1028 1660 1181 1711; x_wconf 82' lang='lat' dir='ltr'><strong>offert</strong></span> <span class='ocrx_word' id='word_1_103' title='bbox 1210 1681 1222 1711; x_wconf 93' lang='lat'>:</span> <span class='ocrx_word' id='word_1_104' title='bbox 1252 1661 1400 1728; x_wconf 87' lang='lat' dir='ltr'><strong>quic-</strong></span> 
     </span>
     <span class='ocr_line' id='line_1_17' title="bbox 132 1734 1410 1813; baseline 0.011 -23"><span class='ocrx_word' id='word_1_105' title='bbox 132 1742 259 1810; x_wconf 79' lang='lat' dir='ltr'><strong>quid</strong></span> <span class='ocrx_word' id='word_1_106' title='bbox 295 1743 508 1813; x_wconf 85' lang='lat' dir='ltr'><strong>dignum</strong></span> <span class='ocrx_word' id='word_1_107' title='bbox 545 1746 710 1797; x_wconf 82' lang='lat' dir='ltr'><strong>visum</strong></span> <span class='ocrx_word' id='word_1_108' title='bbox 754 1748 812 1799; x_wconf 80' lang='lat' dir='ltr'><strong>sit</strong></span> <span class='ocrx_word' id='word_1_109' title='bbox 837 1787 848 1808; x_wconf 91' lang='lat'><em>‚</em></span> <span class='ocrx_word' id='word_1_110' title='bbox 889 1734 1148 1802; x_wconf 82' lang='lat' dir='ltr'><strong>ostendit:</strong></span> <span class='ocrx_word' id='word_1_111' title='bbox 1182 1752 1410 1804; x_wconf 85' lang='lat' dir='ltr'><strong>circum-</strong></span> 
     </span>
     <span class='ocr_line' id='line_1_18' title="bbox 122 1836 1405 1913; baseline 0.009 -27"><span class='ocrx_word' id='word_1_112' title='bbox 122 1836 320 1904; x_wconf 69' lang='lat' dir='ltr'><strong>·specffis</strong></span> <span class='ocrx_word' id='word_1_113' title='bbox 344 1876 357 1897; x_wconf 89' lang='lat'>‚</span> <span class='ocrx_word' id='word_1_114' title='bbox 411 1840 620 1908; x_wconf 80' lang='lat' dir='ltr'><strong>visisque</strong></span> <span class='ocrx_word' id='word_1_115' title='bbox 647 1843 888 1893; x_wconf 87' lang='lat' dir='ltr'><strong>omnibus</strong></span> <span class='ocrx_word' id='word_1_116' title='bbox 926 1882 938 1902; x_wconf 92' lang='lat'>,</span> <span class='ocrx_word' id='word_1_117' title='bbox 973 1860 1023 1894; x_wconf 91' lang='lat' dir='ltr'><strong>te</strong></span> <span class='ocrx_word' id='word_1_118' title='bbox 1050 1846 1141 1913; x_wconf 73' lang='lat' dir='ltr'><strong>ipsi</strong></span> <span class='ocrx_word' id='word_1_119' title='bbox 1182 1847 1234 1896; x_wconf 85' lang='lat' dir='ltr'><strong>in</strong></span> <span class='ocrx_word' id='word_1_120' title='bbox 1286 1847 1405 1896; x_wconf 87' lang='lat' dir='ltr'>hos-</span> 
     </span>
     <span class='ocr_line' id='line_1_19' title="bbox 133 1928 1413 2009; baseline 0.011 -32"><span class='ocrx_word' id='word_1_121' title='bbox 133 1928 323 1995; x_wconf 78' lang='lat' dir='ltr'><strong>pitium</strong></span> <span class='ocrx_word' id='word_1_122' title='bbox 350 1945 499 1983; x_wconf 88' lang='lat' dir='ltr'><strong>tuum</strong></span> <span class='ocrx_word' id='word_1_123' title='bbox 525 1937 797 1988; x_wconf 74' lang='lat' dir='ltr'><strong>deducent.</strong></span> <span class='ocrx_word' id='word_1_124' title='bbox 858 1937 929 1989; x_wconf 83' lang='lat' dir='ltr'><strong>At</strong></span> <span class='ocrx_word' id='word_1_125' title='bbox 957 1940 990 1989; x_wconf 86' lang='lat' dir='ltr'>fi</span> <span class='ocrx_word' id='word_1_126' title='bbox 1010 1958 1322 2009; x_wconf 83' lang='lat' dir='ltr'><strong>quemquam</strong></span> <span class='ocrx_word' id='word_1_127' title='bbox 1347 1940 1413 1989; x_wconf 78' lang='lat' dir='ltr'><strong>il-</strong></span> 
     </span>
     <span class='ocr_line' id='line_1_20' title="bbox 141 2017 1415 2101; baseline 0.013 -35"><span class='ocrx_word' id='word_1_128' title='bbox 141 2017 312 2070; x_wconf 81' lang='lat' dir='ltr'>lorum</span> <span class='ocrx_word' id='word_1_129' title='bbox 341 2059 355 2080; x_wconf 90' lang='lat'><em>,</em></span> <span class='ocrx_word' id='word_1_130' title='bbox 407 2024 530 2074; x_wconf 87' lang='lat' dir='ltr'><strong>dum</strong></span> <span class='ocrx_word' id='word_1_131' title='bbox 574 2041 744 2095; x_wconf 83' lang='lat' dir='ltr'><strong>gratus</strong></span> <span class='ocrx_word' id='word_1_132' title='bbox 791 2029 885 2079; x_wconf 83' lang='lat' dir='ltr'><strong>effe</strong></span> <span class='ocrx_word' id='word_1_133' title='bbox 929 2032 1075 2099; x_wconf 81' lang='lat' dir='ltr'><strong>cupis</strong></span> <span class='ocrx_word' id='word_1_134' title='bbox 1117 2071 1129 2092; x_wconf 87' lang='lat'><em>,</em></span> <span class='ocrx_word' id='word_1_135' title='bbox 1175 2034 1227 2084; x_wconf 84' lang='lat' dir='ltr'><strong>in</strong></span> <span class='ocrx_word' id='word_1_136' title='bbox 1263 2051 1415 2101; x_wconf 81' lang='lat' dir='ltr'>pran-</span> 
     </span>
     <span class='ocr_line' id='line_1_21' title="bbox 127 2111 1416 2184; baseline 0.013 -25"><span class='ocrx_word' id='word_1_137' title='bbox 127 2111 255 2172; x_wconf 33' lang='lat' dir='ltr'><strong>vdio,</strong></span> <span class='ocrx_word' id='word_1_138' title='bbox 285 2114 364 2164; x_wconf 82' lang='lat' dir='ltr'><strong>vel</strong></span> <span class='ocrx_word' id='word_1_139' title='bbox 417 2116 469 2166; x_wconf 89' lang='lat' dir='ltr'><strong>in</strong></span> <span class='ocrx_word' id='word_1_140' title='bbox 492 2136 642 2169; x_wconf 83' lang='lat' dir='ltr'>coena</span> <span class='ocrx_word' id='word_1_141' title='bbox 682 2122 901 2172; x_wconf 85' lang='lat' dir='ltr'><strong>retinere</strong></span> <span class='ocrx_word' id='word_1_142' title='bbox 927 2124 1146 2175; x_wconf 81' lang='lat' dir='ltr'><strong>volueris</strong></span> <span class='ocrx_word' id='word_1_143' title='bbox 1187 2163 1201 2184; x_wconf 93' lang='lat'><em>,</em></span> <span class='ocrx_word' id='word_1_144' title='bbox 1240 2127 1328 2176; x_wconf 71' lang='lat' dir='ltr'><strong>vix</strong></span> <span class='ocrx_word' id='word_1_145' title='bbox 1355 2127 1416 2175; x_wconf 82' lang='lat' dir='ltr'><strong>ab</strong></span> 
     </span>
     <span class='ocr_line' id='line_1_22' title="bbox 138 2205 1412 2288; baseline 0.013 -34"><span class='ocrx_word' id='word_1_146' title='bbox 138 2205 214 2256; x_wconf 84' lang='lat' dir='ltr'><strong>eis</strong></span> <span class='ocrx_word' id='word_1_147' title='bbox 243 2208 367 2259; x_wconf 86' lang='lat' dir='ltr'><strong>illud</strong></span> <span class='ocrx_word' id='word_1_148' title='bbox 396 2210 689 2279; x_wconf 83' lang='lat' dir='ltr'><strong>impetrabis</strong></span> <span class='ocrx_word' id='word_1_149' title='bbox 711 2253 723 2274; x_wconf 94' lang='lat'><em>,</em></span> <span class='ocrx_word' id='word_1_150' title='bbox 755 2216 803 2266; x_wconf 89' lang='lat' dir='ltr'><strong>id</strong></span> <span class='ocrx_word' id='word_1_151' title='bbox 829 2221 1235 2286; x_wconf 77' lang='lat' dir='ltr'><strong>praecauentibus</strong></span> <span class='ocrx_word' id='word_1_152' title='bbox 1263 2219 1379 2288; x_wconf 79' lang='lat' dir='ltr'><strong>ipsis</strong></span> <span class='ocrx_word' id='word_1_153' title='bbox 1399 2257 1412 2278; x_wconf 89' lang='lat'>,</span> 
     </span>
     <span class='ocr_line' id='line_1_23' title="bbox 146 2300 1418 2382; baseline 0.016 -35"><span class='ocrx_word' id='word_1_154' title='bbox 146 2316 210 2348; x_wconf 92' lang='lat' dir='ltr'><strong>ne</strong></span> <span class='ocrx_word' id='word_1_155' title='bbox 231 2300 430 2354; x_wconf 89' lang='lat' dir='ltr'><strong>homini</strong></span> <span class='ocrx_word' id='word_1_156' title='bbox 486 2309 751 2378; x_wconf 84' lang='lat' dir='ltr'><strong>peregrino</strong></span> <span class='ocrx_word' id='word_1_157' title='bbox 785 2348 798 2369; x_wconf 88' lang='lat'>,</span> <span class='ocrx_word' id='word_1_158' title='bbox 842 2312 890 2362; x_wconf 86' lang='lat'>&amp;</span> <span class='ocrx_word' id='word_1_159' title='bbox 918 2311 1142 2382; x_wconf 80' lang='lat' dir='ltr'><strong>sumptui</strong></span> <span class='ocrx_word' id='word_1_160' title='bbox 1177 2355 1189 2375; x_wconf 83' lang='lat'>,</span> <span class='ocrx_word' id='word_1_161' title='bbox 1221 2317 1270 2366; x_wconf 68' lang='grc' dir='ltr'><strong>δε</strong></span> <span class='ocrx_word' id='word_1_162' title='bbox 1299 2332 1418 2365; x_wconf 83' lang='lat' dir='ltr'><strong>mo-</strong></span> 
     </span>
     <span class='ocr_line' id='line_1_24' title="bbox 131 2391 1418 2474; baseline 0.015 -34"><span class='ocrx_word' id='word_1_163' title='bbox 131 2391 297 2445; x_wconf 40' lang='lat' dir='ltr'><strong>*lestiae</strong></span> <span class='ocrx_word' id='word_1_164' title='bbox 322 2396 435 2448; x_wconf 73' lang='lat' dir='ltr'><strong>sint.</strong></span> <span class='ocrx_word' id='word_1_165' title='bbox 508 2399 748 2453; x_wconf 90' lang='lat' dir='ltr'><strong>Tandem</strong></span> <span class='ocrx_word' id='word_1_166' title='bbox 799 2421 863 2454; x_wconf 88' lang='lat' dir='ltr'><strong>ex</strong></span> <span class='ocrx_word' id='word_1_167' title='bbox 892 2405 1112 2474; x_wconf 85' lang='lat' dir='ltr'><strong>viginti,</strong></span> <span class='ocrx_word' id='word_1_168' title='bbox 1162 2407 1196 2458; x_wconf 82' lang='lat' dir='ltr'>fi</span> <span class='ocrx_word' id='word_1_169' title='bbox 1225 2420 1301 2458; x_wconf 88' lang='lat' dir='ltr'><strong>tot</strong></span> <span class='ocrx_word' id='word_1_170' title='bbox 1329 2425 1418 2457; x_wconf 91' lang='lat' dir='ltr'><strong>co-</strong></span> 
     </span>
     <span class='ocr_line' id='line_1_25' title="bbox 140 2488 1418 2557; baseline 0.013 -20"><span class='ocrx_word' id='word_1_171' title='bbox 140 2488 313 2540; x_wconf 85' lang='lat' dir='ltr'><strong>mites¹</strong></span> <span class='ocrx_word' id='word_1_172' title='bbox 338 2493 602 2557; x_wconf 85' lang='lat' dir='ltr'><strong>habueris,</strong></span> <span class='ocrx_word' id='word_1_173' title='bbox 645 2497 732 2548; x_wconf 85' lang='lat' dir='ltr'><strong>vix</strong></span> <span class='ocrx_word' id='word_1_174' title='bbox 762 2518 920 2551; x_wconf 90' lang='lat' dir='ltr'><strong>vnum</strong></span> <span class='ocrx_word' id='word_1_175' title='bbox 959 2515 1045 2552; x_wconf 83' lang='lat' dir='ltr'><strong>aut</strong></span> <span class='ocrx_word' id='word_1_176' title='bbox 1077 2502 1297 2552; x_wconf 84' lang='lat' dir='ltr'><strong>alterum</strong></span> <span class='ocrx_word' id='word_1_177' title='bbox 1339 2518 1418 2549; x_wconf 81' lang='lat' dir='ltr'><strong>re-</strong></span> 
     </span>
     <span class='ocr_line' id='line_1_26' title="bbox 137 2583 1419 2651; baseline 0.008 -17"><span class='ocrx_word' id='word_1_178' title='bbox 137 2583 331 2636; x_wconf 79' lang='lat' dir='ltr'><strong>tinebis</strong></span> <span class='ocrx_word' id='word_1_179' title='bbox 361 2625 374 2646; x_wconf 88' lang='lat'><em>‚</em></span> <span class='ocrx_word' id='word_1_180' title='bbox 425 2607 518 2640; x_wconf 88' lang='lat' dir='ltr'><strong>nec</strong></span> <span class='ocrx_word' id='word_1_181' title='bbox 546 2591 597 2641; x_wconf 91' lang='lat' dir='ltr'><strong>id</strong></span> <span class='ocrx_word' id='word_1_182' title='bbox 636 2592 826 2643; x_wconf 84' lang='lat' dir='ltr'><strong>efficies</strong></span> <span class='ocrx_word' id='word_1_183' title='bbox 851 2631 864 2651; x_wconf 92' lang='lat'><em>‚</em></span> <span class='ocrx_word' id='word_1_184' title='bbox 907 2594 1070 2645; x_wconf 78' lang='lat' dir='ltr'><strong>donec</strong></span> <span class='ocrx_word' id='word_1_185' title='bbox 1109 2596 1241 2646; x_wconf 70' lang='lat' dir='ltr'><strong>ciare</strong></span> <span class='ocrx_word' id='word_1_186' title='bbox 1265 2591 1419 2645; x_wconf 85' lang='lat' dir='ltr'><strong>intel-</strong></span> 
     </span>
     <span class='ocr_line' id='line_1_27' title="bbox 127 2679 1410 2752; baseline 0.005 -19"><span class='ocrx_word' id='word_1_187' title='bbox 127 2679 302 2751; x_wconf 61' lang='lat' dir='ltr'><strong>iigant</strong></span> <span class='ocrx_word' id='word_1_188' title='bbox 331 2720 346 2744; x_wconf 91' lang='lat'>‚</span> <span class='ocrx_word' id='word_1_189' title='bbox 390 2703 453 2738; x_wconf 82' lang='lat' dir='ltr'><strong>ex</strong></span> <span class='ocrx_word' id='word_1_190' title='bbox 473 2689 689 2751; x_wconf 86' lang='lat' dir='ltr'><strong>animo,</strong></span> <span class='ocrx_word' id='word_1_191' title='bbox 736 2690 785 2742; x_wconf 88' lang='lat'>&amp;</span> <span class='ocrx_word' id='word_1_192' title='bbox 831 2707 935 2742; x_wconf 85' lang='lat' dir='ltr'><strong>non</strong></span> <span class='ocrx_word' id='word_1_193' title='bbox 974 2679 1091 2743; x_wconf 59' lang='lat' dir='ltr'><strong>ficiie</strong></span> <span class='ocrx_word' id='word_1_194' title='bbox 1122 2729 1135 2752; x_wconf 91' lang='lat'><em>‚</em></span> <span class='ocrx_word' id='word_1_195' title='bbox 1184 2710 1269 2742; x_wconf 88' lang='lat' dir='ltr'><strong>eos</strong></span> <span class='ocrx_word' id='word_1_196' title='bbox 1314 2691 1410 2741; x_wconf 81' lang='lat' dir='ltr'><strong>tibi</strong></span> 
     </span>
    </p>
   </div>
   <div class='ocr_carea' id='block_1_3' title="bbox 1259 2801 1384 2836">
    <p class='ocr_par' dir='ltr' id='par_1_3' title="bbox 1259 2801 1384 2836">
     <span class='ocr_line' id='line_1_28' title="bbox 1259 2801 1384 2836; baseline 0.016 -2"><span class='ocrx_word' id='word_1_197' title='bbox 1259 2801 1384 2836; x_wconf 70' lang='lat' dir='ltr'>COU-</span> 
     </span>
    </p>
   </div>
  </div>
 </body>
</html>
