1998 3256
589 216 660 293 38
984 235 1274 276 DAMxAm
1339 239 1377 277 A
1431 239 1571 279 GoEs

584 343 841 416 Episcopus
882 347 1143 421 Calixensis
1704 349 1852 422 8500

581 436 841 506 Episcopus
881 439 1195 492 Guaditanus
1707 461 1849 498 2000

583 529 842 599 Episcopus
879 531 1180 603 Almerierfis
1710 547 1851 604 1500

582 624 840 694 Episcopus
876 624 1206 697 Mondonenfis
1712 645 1852 698 1500

582 715 843 786 Episcopus
882 716 1094 788 Tuierfis
1710 736 1851 772 2000

586 807 848 879 Episcopus
885 808 1113 879 Lugerfis
1714 829 1851 882 1500

585 898 845 968 Episcopus
885 898 1154 969 Orenfinfis
1713 919 1856 971 3000

584 992 845 1062 Episcopus
886 991 1187 1063 Canariensts
1710 994 1852 1045 8000

589 1082 849 1153 Episcopus
891 1084 1166 1154 Vrgelletfis
1710 1099 1852 1152 7000

587 1176 847 1247 Episcopus
887 1177 1155 1246 Vicquenfis
1718 1190 1859 1243 2500

585 1267 846 1338 Episcopus
888 1266 1132 1336 Eunierfis
1721 1284 1860 1335 1500

589 1359 849 1429 Episcopus
888 1359 1236 1430 Pamplonenfis
1718 1361 1861 1411 6000

697 1501 826 1553 Sunt
858 1504 907 1554 &
951 1502 1038 1554 alii
1065 1497 1307 1572 permulti
1332 1501 1581 1572 Episcopi
1605 1521 1858 1556 nouarum

586 1595 973 1662 prouinciarum
1012 1635 1024 1652 .
1074 1594 1443 1665 Indiarumque
1497 1595 1854 1648 Occidentali-

589 1705 679 1736 um
710 1725 724 1745 ,
778 1707 944 1757 nuper
997 1689 1326 1738 inuentarum
1353 1726 1367 1748 ,
1409 1706 1472 1738 ex
1511 1689 1855 1738 collocatione

590 1779 692 1830 fiue
713 1780 820 1831 iure
847 1782 954 1831 iure
983 1794 1279 1849 patronatus
1307 1799 1511 1850 quoque
1543 1779 1702 1850 Regis
1742 1777 1848 1830 Ca-

586 1871 754 1921 stellae
778 1910 793 1931 ,
833 1891 964 1940 quos
1006 1874 1092 1923 hic
1119 1892 1228 1923 non
1259 1875 1524 1942 exprimo„

593 2008 840 2098 Portu
836 2014 1115 2128 galliae
1197 2014 1287 2100 ἐφ’
1325 2015 1450 2099 Al
1436 2012 1867 2130 garhioram

1043 2155 1398 2266 Ecclestae.

639 2360 748 2463 Α
777 2366 1138 2443 Rchiepiscopus
1175 2373 1525 2447 Bracharenfis
1567 2414 1581 2435 ,
1626 2375 1711 2444 qui
1749 2388 1867 2446 pro-

765 2469 878 2525 pter
902 2461 1234 2530 antiquitatem
1277 2485 1381 2515 cum
1421 2463 1644 2516 Toletano
1684 2463 1730 2515 A
1736 2468 1868 2518 rehi-

601 2549 803 2620 episcopo
828 2553 897 2599 ad
915 2551 1039 2603 hunc
1066 2557 1185 2606 diem
1215 2556 1356 2626 usque
1374 2558 1431 2605 de
1441 2558 1658 2625 primatu
1677 2559 1757 2626 (vt
1779 2575 1866 2606 vo-

605 2652 717 2693 cant
734 2643 768 2706 j
784 2644 929 2695 totius
959 2646 1234 2717 Hispaniae
1255 2647 1508 2716 disceptat,
1532 2648 1674 2700 habet
1697 2661 1874 2710 24000

1639 2739 1872 2798 Archie-
