1965 3256
579 248 687 307 294
968 249 1252 286 υΑΜιΑΝῐ
1281 250 1319 285 A
1352 247 1500 286 coss

579 352 689 418 est)
727 350 982 404 Christum
1034 371 1136 402 non
1177 350 1476 422 agnoscunt.
1521 351 1715 420 Lappia
1745 351 1849 404 La·-

577 450 690 499 tino
713 447 937 498 sermone
960 446 1311 513 interpretatur
1341 448 1527 516 inepta,
1563 446 1660 496 siue
1688 445 1847 498 secors

578 536 856 607 provincia.
889 535 1100 586 Nomen
1140 550 1264 602 puto
1293 536 1511 586 inditum
1538 535 1651 584 inde
1673 574 1686 594 ‚
1714 537 1848 602 quod

575 651 640 684 ex
668 631 831 682 nimio
858 668 868 687 ,
908 631 956 679 &
1006 630 1200 679 intenso
1237 630 1423 699 frigore
1447 667 1460 689 ,
1491 630 1651 680 solum
1686 666 1697 687 ,
1735 644 1848 677 tan-

578 737 732 791 quam
759 718 1044 786 stupidum,
1099 719 1315 768 minime
1360 733 1534 787 aptum
1581 718 1636 768 sit
1673 734 1764 767 nec
1788 716 1850 765 ad

576 810 923 879 recipiendum
952 847 965 870 ‚
1007 826 1098 858 nec
1135 811 1195 859 acl
1236 812 1610 876 procreandum
1654 809 1843 877 fruges.

582 905 848 972 Indigenae
877 900 1012 949 istius
1034 899 1310 966 provinciae
1336 938 1349 958 ,
1396 899 1592 951 nervosi
1610 939 1623 959 ‚
1667 902 1716 951 ὅ(
1741 919 1850 950 me-

575 997 763 1049 diocris
797 993 987 1043 statura:
1010 990 1119 1039 sunt
1140 1027 1152 1048 ,
1193 992 1319 1039 mire
1344 993 1568 1047 dexteri,
1618 995 1667 1044 &
1694 995 1850 1063 agiles

577 1091 631 1141 in
657 1086 871 1138 arcubus
905 1120 917 1140 ‚
954 1083 1000 1131 &
1023 1081 1214 1150 sagittis
1240 1083 1442 1134 vtendis
1468 1121 1481 1142 ,
1522 1102 1674 1152 quam
1695 1101 1853 1136 artem

574 1170 827 1225 iaculandi
878 1170 938 1220 ab
983 1169 1304 1220 incunabulis
1357 1170 1420 1221 fic
1469 1187 1707 1222 exercent
1736 1211 1748 1231 ,
1799 1186 1851 1223 vt

575 1285 732 1337 puero
758 1283 785 1313 a
810 1261 960 1331 scopo
983 1261 1168 1312 erranti
1208 1261 1350 1312 cibus
1379 1279 1482 1313 non
1503 1263 1647 1313 detur
1671 1263 1852 1313 tantis-

574 1377 664 1429 per
694 1394 706 1412 .
757 1355 917 1404 donec
958 1352 1010 1402 in
1049 1370 1167 1402 eum
1193 1352 1327 1402 reete
1379 1350 1614 1422 sagittam
1641 1353 1846 1422 dirigat.

575 1447 801 1501 Pellibus
819 1483 832 1504 ,
852 1461 957 1494 non
984 1441 1291 1511 ineleganter
1313 1444 1567 1494 contextis
1588 1483 1602 1502 ‚
1623 1442 1737 1494 loco
1767 1461 1852 1493 ve-

574 1539 724 1590 stium
751 1535 1003 1603 praecipue
1028 1545 1237 1582 Vtuntur
1266 1569 1278 1590 ‚
1320 1533 1503 1600 quibus
1553 1534 1600 1584 se
1641 1553 1669 1584 a
1693 1533 1852 1602 frigo-

575 1627 643 1676 ris
672 1624 856 1674 iniuria
880 1632 1124 1671 tutantur.
1170 1619 1326 1687 Qod
1353 1622 1423 1672 ita
1450 1622 1606 1671 etiam
1644 1622 1744 1689 pati
1774 1620 1849 1669 as-

576 1713 842 1764 sueuerunt
872 1747 885 1767 ,
927 1721 978 1759 vt
1018 1707 1139 1757 dum
1180 1726 1306 1775 opus
1347 1708 1434 1768 sit,
1480 1711 1530 1759 id
1558 1709 1657 1759 sine
1681 1709 1853 1776 aliquo

574 1807 787 1878 pellium
815 1801 1101 1852 munimine
1127 1818 1414 1869 expugnare
1441 1803 1657 1852 valeant.
1692 1799 1753 1850 In
1774 1815 1852 1850 taa-

576 1890 863 1946 bernaculis
883 1888 1131 1947 habitant,
1162 1906 1252 1937 nec
1279 1889 1462 1939 domus
1487 1890 1737 1939 eiusmodi
1758 1889 1854 1939 ali⁶

577 1986 659 2038 cui
688 1980 795 2031 usui
826 1978 939 2028 sunt
961 2015 974 2038 ,
1021 1979 1207 2047 quippe
1235 1977 1412 2046 saepius
1441 1979 1560 2030 hinc
1609 1981 1724 2032 inde
1752 1980 1852 2030 mi-

577 2084 742 2145 grant.
791 2067 966 2118 Aliam
993 2067 1194 2117 viuendi
1236 2068 1492 2118 rationem
1520 2087 1671 2137 quam
1699 2086 1852 2118 vena·

576 2159 732 2214 tionis
762 2195 776 2216 ‚
827 2156 1059 2224 aucupii,
1089 2157 1137 2207 &
1164 2154 1454 2224 piscationis
1499 2175 1601 2208 non
1628 2156 1810 2206 habent
1835 2191 1851 2215 ,

575 2256 633 2306 in
653 2248 836 2317 quibus
864 2246 1146 2314 plurimum
1179 2246 1426 2315 praestant.
1461 2246 1545 2299 Est
1571 2248 1708 2298 enim
1734 2265 1853 2315 pro-

576 2339 749 2388 uincia
776 2338 861 2386 illa
883 2337 1083 2387 istarum
1113 2356 1281 2389 rerum
1309 2338 1626 2390 feracissirna.
1652 2338 1852 2407 Agrum

579 2449 685 2483 non
713 2429 909 2479 collunt
939 2465 952 2486 ,
993 2429 1244 2481 nauiculis
1293 2445 1499 2482 Vtuntur
1538 2432 1638 2483 fine
1681 2431 1853 2498 aliquo

580 2515 743 2569 ferreo
769 2512 910 2563 clavo
938 2513 1219 2579 compaCUS
1252 2552 1264 2572 ‚
1294 2517 1478 2582 quibus
1505 2517 1728 2584 piscibus
1763 2530 1849 2562 ae-

580 2630 636 2666 re
678 2606 934 2664 exsiccatis
960 2642 978 2669 ,
1021 2622 1080 2659 ae
1105 2607 1327 2676 pellibus
1354 2611 1543 2664 onustis
1562 2613 1624 2666 ad
1649 2607 1851 2662 vicinos

1760 2715 1852 2751 na·
