1931 3239
344 244 418 279 m!
451 239 639 278 BELLO
669 238 1002 277 CAMBAICO
1033 244 1157 282 SEC.
1309 248 1413 305 317

139 346 279 398 fitam
302 346 486 396 habent
510 379 524 401 ,
553 343 789 396 inuadere
817 366 828 395 :
881 345 1114 396 collectis
1166 350 1225 398 ad
1254 350 1304 399 id
1333 372 1415 403 ra-

135 442 270 491 tibus
291 475 306 497 ,
336 453 432 487 vna
456 452 576 484 cum
606 454 734 486 naue
764 438 995 487 oneraria
1023 456 1271 507 perquam
1301 460 1412 493 ma-

131 547 231 598 gna
252 564 267 584 ,
295 525 562 576 cuiusdam
593 526 739 576 seciae
787 527 1177 580 {Wahometanae
1215 548 1414 582 merca-

128 621 254 672 toris
284 658 298 679 ,
336 637 490 688 quam
519 620 572 670 in
619 633 768 688 portu
812 621 873 670 ad
917 639 1004 670 eos
1030 622 1144 673 vsus
1185 624 1413 674 retinue-

126 726 223 766 rat.
254 711 318 762 In
347 730 443 781 qua
470 712 756 762 tabulatum
786 713 898 763 eius
926 714 1212 766 altitudinis
1232 754 1245 775 ,
1275 718 1413 784 quod

126 802 276 854 turris
305 800 598 870 supremum
627 802 914 853 tabulatum
960 822 1158 871 aequare
1211 805 1409 873 posset,

123 903 355 942 extruere
381 888 579 939 curauit
608 925 621 947 ,
668 890 804 955 quod
848 891 1253 962 circumquaque
1292 893 1411 962 plu·

129 980 226 1031 teis
273 980 291 1050 (
338 993 390 1030 vt
429 979 714 1030 nostrorum
760 981 930 1050 jacula
995 984 1260 1051 repelleret
1286 980 1302 1048 J
1346 982 1413 1032 fic

124 1071 451 1123 confirmauit
475 1110 488 1131 ,
533 1085 585 1122 vt
634 1071 726 1122 nisi
763 1071 961 1122 summa
989 1091 1083 1141 ope
1110 1075 1402 1144 expugnari

124 1166 304 1237 poffet·
357 1165 433 1216 Re
485 1165 691 1234 cognita
727 1203 741 1224 ,
791 1165 1152 1235 R‘Iascaregnas
1207 1166 1405 1221 Iacobo

125 1256 325 1309 Lacteo
344 1294 360 1317 ‚
388 1273 542 1325 quem
569 1256 785 1306 nauibus
814 1256 917 1306 illis
939 1257 1131 1306 duabus
1149 1294 1161 1314 ,
1190 1274 1408 1323 quarum

120 1364 270 1402 antea
316 1347 656 1399 meminimus
685 1384 698 1405 ‚
745 1347 1078 1415 praefecerat,
1137 1349 1407 1416 negotium

123 1437 434 1489 committit.
493 1437 546 1487 Is
599 1438 831 1487 maximo
859 1437 1056 1487 silentio
1087 1475 1101 1496 ‚
1148 1438 1408 1506 tacitoque

123 1530 346 1598 remigio
393 1528 645 1595 oppidum
697 1527 865 1579 versus
906 1545 1061 1577 naues
1088 1526 1197 1578 suas
1242 1531 1401 1580 moestu

119 1621 322 1670 eduxlt.
362 1616 558 1668 Verum
590 1632 737 1669 antea
766 1636 921 1686 quam
960 1617 1257 1667 immineret
1282 1636 1406 1667 one-

116 1708 263 1759 rariae
289 1709 410 1758 naui
443 1745 456 1766 ‚
485 1725 641 1775 quam
670 1707 909 1757 incendio
936 1700 1102 1757 delere
1129 1705 1408 1777 proposue-

125 1811 204 1848 rat
226 1836 238 1856 ,
287 1817 531 1866 aquarum
564 1798 770 1867 strepitu
795 1837 807 1856 ,
836 1799 883 1849 ἃ
919 1815 1182 1848 murmure
1208 1836 1220 1855 ,
1251 1816 1408 1866 quem

119 1887 248 1939 remi
276 1888 569 1938 excitabant
597 1924 612 1945 ,
659 1905 838 1937 cauere
883 1905 985 1936 non
1016 1888 1184 1954 potuit
1214 1924 1228 1945 ‚
1280 1886 1407 1953 quin

120 1979 327 2028 insidias
371 1976 482 2027 suas
532 1977 855 2028 excubitores
895 1976 1114 2027 hostium
1171 1976 1406 2045 percipe-

120 2086 254 2124 rent.
287 2072 463 2140 Qiare
491 2073 713 2123 clamore
744 2071 938 2122 sublato
971 2109 985 2131 ,
1027 2084 1163 2122 totus
1206 2071 1405 2120 exerci-

119 2176 203 2213 tus
232 2163 284 2212 in
310 2163 466 2214 armis
491 2163 765 2232 prosiliuit.
793 2162 855 2213 Id
888 2180 1049 2231 quum
1078 2181 1106 2212 a
1127 2160 1305 2212 nostris
1325 2159 1403 2210 es-

118 2253 190 2304 set
240 2257 651 2307 animaduersum
685 2294 699 2317 ‚
727 2255 879 2307 celeri
919 2253 1065 2304 cursu
1115 2256 1168 2305 in
1216 2273 1405 2307 nauem

117 2341 493 2410 impressionem
546 2343 775 2403 faciunt,
804 2344 1079 2414 ignemque
1129 2343 1397 2400 inficiunt,

119 2428 215 2485 Sed
260 2453 419 2503 quum
461 2435 756 2485 incendium
783 2452 845 2483 ex
871 2446 989 2483 voto
1016 2452 1118 2484 non
1147 2433 1392 2483 succede-

115 2540 223 2585 ret,
264 2528 313 2576 &
346 2525 509 2576 hostes
536 2528 790 2597 impetum
845 2526 900 2576 in
938 2526 1156 2577 nostram
1201 2525 1403 2575 classem

115 2622 282 2676 facere
336 2637 640 2675 conarentur
676 2659 691 2683 ‚
737 2621 923 2692 viginti
961 2623 1164 2674 circiter
1206 2621 1401 2673 miiites

1333 2725 1400 2761 CX
