1931 3239
232 256 406 296 rmr-:s
446 251 700 290 nmmo
743 249 1019 300 Mons-Q
1048 253 1345 296 Ammon
1386 242 1489 316 263

217 362 328 414 suas
344 357 574 408 obseruet
595 393 610 414 ‚
636 353 738 405 sme
758 355 876 405 odio
897 394 908 414 ,
927 358 977 407 &
1005 358 1339 410 insfflanone
1361 363 1489 413 alio-

214 466 329 501 rum
357 485 372 506 ‚
398 465 490 497 nec
517 448 847 497 commerciis
870 445 1109 500 Ecclefiae
1139 453 1203 501 ob
1233 451 1282 500 id
1311 453 1489 502 exclu-

213 539 408 589 dendus
435 540 502 590 est
530 578 546 599 ,
597 539 628 590 fi
658 557 864 608 peregre
892 540 943 590 in
981 542 1160 593 alienis
1202 545 1490 611 prouinciis

212 626 516 679 domesticos
543 628 669 678 ritus
698 628 950 679 observet.
984 628 1045 680 Id
1074 645 1339 699 praeterea,
1358 630 1495 700 quod

213 717 270 769 in
322 718 471 770 Affis
527 719 894 789 Apostolorum
954 722 1202 774 habemus
1229 762 1243 784 ,
1308 741 1496 791 nempe

213 828 317 878 quo
380 809 534 878 Ῑκιξὶο
585 811 768 862 Peirus
831 812 967 863 vidit
1020 816 1187 864 caelum
1233 825 1452 882 apertum
1479 852 1493 872 ‚

213 904 273 954 δ’
315 921 405 952 vas
453 901 725 972 descendere
770 906 997 972 quoddam
1028 943 1042 964 ,
1097 909 1257 958 veluti
1302 907 1498 957 linteum

209 1013 432 1061 magnum
462 1032 477 1054 ,
532 1006 741 1063 quatuor
801 995 958 1046 initiis
1012 997 1243 1068 submitti
1285 1001 1341 1048 de
1389 1000 1499 1049 caelo

213 1089 264 1140 in
291 1100 502 1147 terram,
539 1088 590 1138 in
617 1108 704 1154 quo
727 1101 866 1139 erant
912 1091 1067 1140 omni-a
1103 1093 1446 1160 quadrupedia
1478 1129 1492 1149 ,

217 1182 276 1232 {5
303 1179 552 1250 serpentia
589 1190 738 1230 lerrae
768 1218 781 1238 ,
841 1182 897 1232 &⁹
935 1182 1157 1232 volatilia
1205 1184 1362 1233 caeli:
1410 1183 1497 1236 cui

215 1290 317 1324 vox
365 1274 497 1322 dix'lt
517 1311 529 1329 ‚
560 1273 715 1340 Surge
742 1272 891 1323 Pelre
919 1311 933 1332 ,
970 1275 1122 1326 occide
1156 1312 1168 1332 ,
1197 1278 1253 1327 Εἴ
1279 1278 1485 1326 mandu-

214 1387 312 1420 ca:
361 1366 445 1416 cui
504 1365 679 1417 Petrus
709 1403 724 1425 ,
774 1365 905 1436 Afft
961 1367 1209 1426 Domine,
1279 1369 1499 1437 quoniam

213 1477 453 1528 nunquam
494 1459 785 1509 manducaui
810 1479 938 1508 omne
976 1480 1212 1511 commune
1238 1500 1250 1520 ,
1279 1473 1365 1510 aut
1392 1461 1485 1512 im-

216 1537 441 1603 mun¹dum
470 1572 482 1602 :
528 1552 611 1601 cui
661 1569 758 1602 vox
787 1551 971 1602 iterum
1000 1591 1016 1611 ‚
1041 1555 1189 1622 ,ρειαί
1224 1553 1363 1603 Deus
1396 1567 1494 1621 pu·-

213 1645 431 1713 rificauit
464 1682 476 1703 ,
520 1656 572 1694 tu
600 1665 834 1696 commune
878 1666 935 1696 ne
957 1647 1162 1697 dixeris.
1205 1645 1360 1714 Qlod
1409 1645 1496 1696 vbi

213 1757 335 1790 cum
367 1737 516 1788 tertio
552 1740 781 1807 repetitis
809 1741 1004 1791 vicibus
1034 1741 1349 1810 contigil'i'et,
1404 1742 1500 1792 sta·-

216 1831 312 1880 tim
340 1830 466 1878 illud
502 1847 586 1878 vas
615 1830 667 1878 in
695 1831 878 1880 caelum
924 1847 1186 1900 receptum
1217 1833 1300 1882 est.
1361 1830 1500 1898 Q1i-

215 1923 310 1971 bus
354 1918 571 1987 peracffis
607 1956 620 1976 ,
660 1920 868 1987 spiritus
919 1921 1053 1970 mifit
1080 1940 1198 1970 eum
1247 1921 1299 1970 in
1329 1918 1502 1971 Caesa-

218 2030 372 2065 raeam
413 2011 473 2060 ad
517 2008 825 2061 Cornelium
856 2050 868 2069 ‚
912 2014 1080 2063 virum
1118 2013 1261 2081 pium
1304 2051 1316 2071 ,
1358 2015 1404 2063 ἃ
1434 2016 1504 2064 ti-

219 2121 447 2160 mentem
478 2104 675 2156 Deum.
707 2105 861 2174 Apud
888 2126 1038 2175 quem
1072 2108 1317 2176 loquente
1347 2104 1505 2154 Petro

219 2197 407 2252 cecidit
433 2195 580 2263 super
607 2212 784 2245 omnes
807 2234 818 2254 ,
839 2198 924 2264 qui
954 2198 1168 2246 verbum
1198 2195 1296 2246 Dei
1325 2191 1503 2242 audie-

221 2291 379 2347 bant,
433 2287 649 2357 Spiritus
692 2288 742 2339 S-
771 2326 784 2346 ,
835 2307 938 2358 quo
985 2288 1175 2359 Spiritu
1207 2289 1258 2339 S.
1290 2299 1504 2354 accepto

219 2378 405 2430 Petrus
450 2393 612 2429 totam
657 2378 910 2429 familiam
961 2378 1196 2430 Cornelii
1249 2374 1505 2446 baptizari

221 2470 374 2522 iuffit.
419 2470 576 2539 ond
601 2491 721 2523 cum
768 2472 935 2523 caeteri
985 2472 1215 2541 Apostoli
1243 2510 1255 2530 ,
1303 2488 1359 2520 ae
1392 2468 1492 2517 fra-

220 2579 349 2624 treS,
379 2568 466 2633 qui
497 2567 546 2617 in
578 2567 749 2618 Iudaea
774 2579 936 2623 erant,
967 2562 1273 2617 Cornelium
1298 2563 1389 2612 effe
1415 2561 1504 2608 ba-

222 2664 482 2733 ptizatum
533 2658 831 2710 audiuiffent
869 2693 883 2715 ‚
910 2655 1061 2707 Petro
1087 2694 1100 2715 ‚
1130 2656 1267 2726 qnod
1304 2649 1507 2702 dediffet

764 2749 821 2802 T
1369 2743 1457 2791 ba-
