1931 3239
198 237 366 276 rmizs
394 223 643 271 Remmo
670 226 944 274 MORESQ
972 226 1270 265 AE‘rffloP.
1318 233 1410 286 191

150 384 186 407 ‚,
216 344 351 395 dedit
373 377 388 399 ,
415 339 464 389 &
486 349 671 385 terram
699 330 998 384 Gentilium
1023 344 1268 398 perpetuo
1288 348 1417 381 eon-

146 474 184 496 „
213 435 344 487 ceffit
372 470 386 491 ,
429 449 485 481 ac
514 431 734 482 aliorum
786 440 940 476 terras
967 464 980 485 ,
1015 445 1126 494 quae
1157 427 1269 477 sunt
1316 447 1343 477 a
1364 428 1426 477 fi-

147 565 184 588 „
211 526 358 576 nibus
378 522 547 575 vestris
570 561 583 582 ,
619 540 676 572 ac
699 520 906 571 initium
937 519 1228 588 Aethiopia—e
1261 538 1274 581 3
1304 538 1425 589 pro-

143 656 184 679 „
208 630 349 687 ptera
375 616 608 685 ingentes
643 613 761 665 Deo
804 612 993 680 gratias
1039 630 1135 680 ago
1174 649 1187 670 ,
1227 612 1427 679 &prae-

140 750 178 773 ,‚
206 711 323 762 dico
372 710 627 761 summam
660 709 768 759 eius
795 707 1083 777 potentiam
1105 744 1119 766 ‚
1173 723 1294 756 cum
1314 705 1424 776 spe-

140 845 179 867 ‚,
206 825 313 857 rem
338 824 517 857 eorum
563 804 873 875 populorum
902 803 1036 854 filios
1069 841 1081 862 ,
1124 804 1213 871 qui
1260 804 1313 853 in
1342 815 1426 853 tu-

141 938 179 961 „
210 918 295 950 am
339 900 592 951 ditionem
630 898 870 956 venient,
896 897 1076 968 procul
1106 897 1264 947 dubio
1308 896 1430 947 fidei

143 1034 179 1057 ,‚
205 996 471 1047 veritatem
500 995 593 1045 effe
619 992 914 1062 cognituros
949 1013 960 1042 :
1000 994 1336 1061 quamobrem
1359 991 1426 1042 do

145 1129 182 1152 „
214 1090 399 1160 gratias
449 1088 567 1139 Deo
594 1124 607 1145 ,
659 1087 708 1136 &
731 1086 874 1153 spero
921 1087 1076 1154 quod
1104 1086 1199 1134 filii
1240 1085 1384 1136 vestri
1418 1123 1429 1142 ,

145 1220 159 1242 ‚
176 1219 190 1240 ,
211 1180 261 1230 &
286 1196 380 1246 ego
407 1215 419 1235 ‚
471 1177 520 1226 &
561 1192 648 1224 vos
697 1174 759 1223 de
784 1172 1021 1225 felicibus
1044 1194 1218 1226 earum
1263 1193 1433 1225 rerum

143 1313 183 1337 ‚‚
214 1271 510 1324 succeffibus
542 1306 556 1326 ,
607 1267 805 1317 abunde
850 1269 1138 1320 laetabimur
1167 1292 1179 1321 t
1234 1273 1283 1322 δε
1340 1289 1429 1321 vos

145 1407 181 1429 „
214 1368 330 1420 Deo
357 1362 549 1415 debetis
595 1364 838 1414 continue
886 1363 1170 1432 supplicare
1199 1403 1212 1424 ,
1257 1365 1422 1415 donec

148 1500 184 1522 „
211 1460 429 1530 gratiam
473 1457 616 1507 vobis
663 1459 744 1509 det
772 1458 1010 1526 potiundi
1054 1458 1234 1528 templi
1264 1457 1423 1508 saneti

144 1593 181 1615 „
212 1556 265 1604 in
292 1549 618 1602 Hierusalem
645 1589 657 1609 ,
704 1569 816 1620 quae
840 1551 908 1601 est
954 1552 1009 1602 in
1028 1551 1268 1620 potestate
1317 1549 1413 1599 ho-

143 1684 182 1707 „
209 1643 358 1694 stium
387 1640 575 1693 Christi
607 1680 621 1701 ‚
652 1641 961 1694 Maurorum
994 1681 1007 1702 ,
1051 1643 1100 1693 &
1126 1642 1424 1694 Gentilium

140 1776 177 1800 ,‚
204 1737 255 1788 &
292 1734 670 1786 Haereticorum
689 1773 701 1794 ,
759 1736 808 1786 δε
834 1736 867 1786 si
895 1736 991 1786 hoc
1017 1736 1317 1804 perfeceris,
1341 1755 1429 1788 ca-

148 1868 184 1892 „
214 1842 306 1897 put
338 1842 489 1879 tuum
539 1829 683 1878 omni
719 1830 865 1880 laude
914 1830 1257 1899 pleniffimum
1318 1835 1414 1884 erit

251 1957 288 1979 ‚,
318 1915 676 1970 CAETERVM
721 1938 784 1970 ex
833 1939 1048 1970 numero
1097 1923 1382 1990 legatorum
1410 1961 1422 1981 ,

147 2051 183 2073 ,‚
212 2012 299 2080 qui
320 2011 379 2061 ad
400 2028 485 2060 me
519 2010 790 2063 veniebant
817 2049 829 2070 ,
857 2030 977 2062 cum
1005 2013 1247 2081 praedie}o
1272 2013 1418 2065 Mat-

146 2143 182 2167 „
213 2105 352 2155 thaeo
390 2118 490 2154 tres
511 2103 704 2172 periere
734 2140 748 2161 ‚
793 2104 842 2153 &
868 2101 1149 2154 Praefecstus
1187 2106 1417 2177 Magnus

138 2234 177 2258 ‚,
199 2194 369 2247 vestrae
389 2197 547 2247 claffis
563 2195 766 2246 deuenit
785 2197 917 2266 apud
936 2194 1224 2264 Arquicum
1246 2197 1299 2246 in
1322 2196 1432 2247 eoi-

145 2327 182 2351 „
207 2290 444 2358 loquium
471 2307 590 2339 cum
641 2290 779 2360 Rege
807 2291 867 2340 de
895 2289 1188 2359 Bernagais,
1220 2289 1307 2358 qui
1350 2290 1419 2340 est

142 2420 180 2444 ,‚
206 2383 425 2450 imperio
453 2400 569 2432 meo
590 2382 842 2434 subieE'tus
875 2422 887 2442 ,
914 2385 963 2435 &
1011 2383 1178 2434 statim
1215 2384 1414 2452 legatos

141 2514 180 2538 ‚,
208 2477 270 2528 ad
293 2496 375 2528 me
398 2478 533 2529 misit
558 2481 606 2530 δε
633 2498 844 2532 munera
870 2482 1126 2551 ingentia,
1150 2499 1261 2549 quae
1290 2481 1419 2531 mihi

141 2606 182 2631 ‚,
210 2571 492 2621 chariffima
514 2571 737 2624 fuerunt.
765 2573 961 2625 Verum
986 2593 1181 2626 nomen
1203 2574 1423 2625 vestrum

143 2699 182 2727 ,‚
209 2665 352 2716 omni
389 2684 593 2737 gemma
612 2705 627 2729 ‚
655 2668 705 2721 &
732 2668 962 2722 thesauro
1014 2671 1142 2723 mihi
1164 2668 1429 2741 pretiosius

1319 2779 1395 2812 vi-
