1965 3256
595 242 702 302 ἐμ
944 250 1224 287 DAMIANI
1266 251 1301 284 A
1340 248 1489 285 cors

560 369 700 408 vtex
727 353 904 405 nostris
953 355 1102 405 multi
1130 353 1307 422 glande
1354 356 1715 406 arcubutorum
1766 350 1820 405 ir!

559 445 752 497 hostem
792 446 963 498 emiffa
1012 447 1256 495 arcubuto
1300 446 1408 513 ipso
1458 465 1546 514 per
1581 446 1823 512 capulum

558 554 758 610 arrepto
788 576 803 598 ,
839 539 1005 609 capita
1040 537 1259 588 hostium
1299 538 1494 588 assiduis
1538 540 1723 591 iciibus
1744 540 1822 590 fe·-

555 633 735 687 rirent.
776 635 896 703 Qa
917 634 1243 685 dimicatione
1266 672 1280 693 ,
1323 634 1424 684 fine
1449 634 1617 702 aliqua
1661 637 1820 686 inter-

559 731 790 783 mistione
813 730 1021 780 durante
1051 766 1065 787 ,
1088 741 1410 796 compertum
1436 727 1501 776 est
1527 747 1683 778 vnum
1711 743 1819 778 tor-

551 836 786 876 mentum
811 860 827 881 ,
852 822 987 890 quod
1013 818 1288 871 Camelum
1329 838 1568 870 vocamus
1586 857 1598 877 ,
1660 839 1821 873 vnum

548 915 697 982 supra
766 911 948 981 viginti
998 911 1129 962 ictus
1179 911 1405 961 emisisse.
1449 910 1821 963 Arcubutarius

549 1017 658 1053 erat
720 1002 873 1051 etiam
918 1001 1053 1048 inter
1084 998 1273 1048 nostros
1298 1035 1311 1056 ,
1340 996 1426 1064 qui
1468 995 1710 1063 nonagies
1738 995 1819 1046 su-

545 1111 638 1161 pra
661 1105 869 1142 centum
912 1089 1092 1156 globos
1119 1088 1170 1136 in
1217 1086 1409 1136 hostem
1457 1086 1626 1136 eiecit.
1669 1085 1820 1137 Tan-

543 1184 663 1233 dem
685 1221 699 1241 ,
748 1181 864 1232 Deo
891 1179 1095 1229 fauente
1125 1215 1137 1236 ,
1167 1177 1418 1245 nofteque
1446 1177 1822 1227 interueniente

543 1274 782 1343 praelium
807 1269 1086 1322 dirimitur.
1132 1268 1316 1320 Hostes
1353 1268 1402 1318 se
1430 1269 1482 1319 in
1526 1268 1680 1319 castra
1705 1286 1816 1319 ma-

540 1387 643 1440 gna
679 1367 838 1437 strage
862 1380 1069 1435 accepta
1096 1366 1351 1434 recipiunt
1371 1403 1385 1424 ,
1431 1363 1613 1414 nostris
1656 1365 1708 1415 in
1733 1383 1818 1414 ara

539 1480 598 1513 ce
627 1479 736 1512 non
780 1462 979 1510 minore
1009 1459 1151 1510 iuxta
1185 1477 1458 1511 numerum
1504 1458 1646 1508 clade
1691 1457 1814 1509 affe-

537 1556 658 1607 ἃίε.
704 1552 986 1605 Defiderati
1027 1553 1308 1604 nostrorum
1351 1571 1412 1603 eo
1442 1555 1530 1604 die
1570 1551 1708 1603 fuere
1736 1552 1814 1603 se-

536 1646 803 1716 ptuaginta
835 1646 1025 1696 milites
1047 1684 1058 1703 ,
1089 1647 1219 1696 inter
1239 1665 1365 1714 quos
1391 1647 1568 1696 decem
1612 1643 1812 1694 nobiles

533 1739 969 1796 numerabantur,
1014 1740 1224 1787 trecenti
1273 1738 1564 1797 vulnerati,
1618 1735 1811 1804 aliique

532 1834 654 1901 igne
679 1830 799 1882 tac'ti
830 1869 845 1888 ,
872 1831 943 1880 ita
974 1843 1025 1881 vt
1052 1832 1325 1882 duodecim
1361 1845 1559 1882 tantum
1607 1844 1809 1880 reman-

531 1919 686 1973 serint
734 1941 767 1972 a
787 1922 990 1973 laesione
1020 1924 1296 1974 immunes.
1342 1923 1423 1974 Ex
1449 1922 1671 1974 hostibus
1700 1961 1713 1983 ,
1754 1930 1809 1969 vt

533 2014 805 2079 apparuit,
871 2013 1073 2064 circiter
1123 2017 1217 2066 tria
1240 2015 1416 2067 millia
1458 2015 1604 2085 supra
1652 2016 1806 2083 quin-

528 2111 711 2163 gentos
755 2102 1014 2162 cecidere,
1050 2118 1229 2171 praeter
1279 2106 1566 2156 vulneratos
1611 2102 1805 2171 &igne

526 2195 697 2250 laesos,
741 2194 807 2245 In
833 2197 1018 2264 quibus
1057 2197 1357 2266 sepeliendis
1382 2238 1395 2259 ,
1434 2214 1540 2250 tota
1586 2197 1672 2248 illa
1709 2214 1803 2247 no-

532 2285 613 2336 &e
643 2323 657 2343 ,
691 2286 742 2335 &
765 2286 846 2336 die
885 2287 1123 2356 sequente
1159 2290 1322 2342 hostes
1350 2292 1624 2342 incubuere
1648 2327 1661 2348 ‚
1690 2307 1802 2357 quae

531 2373 685 2425 nostri
718 2375 876 2426 libere
916 2381 1278 2447 permittebant
1308 2422 1322 2444 ,
1363 2372 1509 2438 nullo
1552 2384 1657 2436 iau
1695 2395 1800 2434 tor-

530 2478 826 2516 mentorum
873 2472 1048 2521 emisso
1067 2509 1080 2529 ,
1103 2487 1155 2523 vt
1174 2474 1360 2527 foetore
1385 2479 1690 2528 cadauerum
1713 2493 1799 2525 ca-

531 2569 716 2607 rerent.
774 2556 896 2608 Erat
951 2575 1121 2613 autem
1169 2583 1246 2615 res
1292 2567 1604 2618 incredibilis
1655 2566 1797 2616 dictu

531 2648 700 2703 videre
757 2649 958 2706 disiech
1006 2656 1209 2725 capita,
1262 2662 1464 2712 cerebra
1492 2699 1506 2720 ,
1547 2657 1749 2710 brachia
1777 2695 1795 2717 ι

1607 2744 1760 2798 tibias
