1998 3256
581 280 649 337 1'6
786 289 795 300 ‘
934 298 1215 337 DAMIANt
1264 302 1305 338 A
1353 302 1500 340 GoEs

534 392 778 470 'exculpta
805 417 976 457 extant
998 444 1011 465 ‚
1059 407 1113 456 in
1141 423 1196 456 ea
1225 405 1327 474 ipsa
1347 443 1358 463 ,
1401 406 1560 457 multa
1585 405 1634 457 &
1658 422 1790 473 prae-

532 495 673 551 clara
724 494 948 547 facinora
991 495 1238 547 transa&a
1265 496 1443 564 priscis
1471 499 1787 566 temporibus

526 588 697 639 ‘etiam
742 588 882 643 fuiffe
914 627 927 648 ,
994 590 1177 658 quibus
1223 589 1446 640 nostrum
1497 590 1595 640 hoc
1645 608 1789 641 com-.-

540 683 848 733 mentarium
876 701 1051 734 ornare
1071 721 1084 742 ,
1114 682 1415 753 lustrareque
1441 684 1784 736 valuiss'emus,

649 776 760 828 SED
812 795 929 828 cum
975 778 1061 829 illa
1101 780 1278 830 omnia
1307 818 1320 839 ,
1370 793 1422 831 vt
1450 780 1643 831 ratione
1669 781 1791 833 licet

540 872 760 929 credere,
775 884 1063 941 temporum
1083 874 1265 924 iniuria
1288 874 1477 946 potius,
1497 891 1649 944 quam
1669 872 1790 924 scri*

539 981 746 1036 ptorum
786 971 979 1021 incuria
1027 968 1156 1021 forte
1183 971 1433 1039 periissent
1462 1009 1473 1028 ,
1523 987 1586 1021 ex
1615 968 1789 1019 nostris

539 1074 740 1113 tantum
794 1063 1097 1115 Lufitanicis
1141 1065 1403 1116 annalibus
1432 1102 1446 1123 ,
1496 1080 1616 1114 cum
1641 1062 1789 1112 altius

519 1156 701 1214 nihil,
747 1159 881 1223 quod
927 1157 1142 1206 minime
1189 1154 1474 1207 fabulosum
1517 1154 1746 1202 videatur
1775 1190 1788 1211 ‚

539 1258 762 1315 repetere
787 1249 1059 1297 audeamus
1082 1283 1095 1304 ,
1122 1248 1390 1298 exordium
1416 1244 1662 1295 faciemus
1688 1280 1702 1302 ,
1742 1244 1792 1296 &

539 1343 647 1415 post
692 1329 830 1393 islam
878 1341 1212 1394 miserandam
1260 1342 1451 1394 cladem
1494 1357 1594 1409 qua
1622 1338 1784 1399 ferme

536 1441 768 1493 Vniuersa
795 1440 1043 1510 Hispania
1080 1457 1107 1488 a
1134 1436 1337 1488 Mauri's
1363 1450 1607 1506 occupata
1634 1433 1790 1486 Chri-

539 1537 596 1587 sti
644 1537 797 1586 fidem
849 1535 1063 1586 deseruit
1107 1570 1120 1592 ‚
1145 1532 1405 1601 quomodo
1454 1530 1640 1581 iterum
1690 1528 1793 1598 ipsa

540 1626 742 1697 Olifipo
793 1626 996 1679 Christo
1035 1627 1236 1678 initiata
1260 1623 1414 1674 fuerit
1437 1658 1451 1681 ,
1478 1619 1790 1671 demonstra-

538 1722 732 1781 bimus.
782 1721 914 1789 Q1ae
955 1739 1031 1771 res
1071 1719 1134 1770 fic
1185 1717 1231 1769 se
1259 1714 1454 1766 habuit.
1498 1710 1637 1762 Cum
1664 1711 1791 1761 olim

539 1815 735 1869 assiduis
763 1814 1128 1866 incursionibus
1156 1808 1330 1861 Mauri
1358 1803 1663 1879 Hispaniam
1691 1803 1792 1852 im-

539 1920 809 1977 peterent,
849 1907 921 1974 pii
960 1925 1015 1957 ac
1059 1899 1335 1955 Christiani
1369 1895 1603 1947 homines
1644 1893 1792 1943 vndi-.

539 2015 635 2066 que
663 1995 945 2064 opitulandi
972 1994 1131 2066 gratia
1157 2011 1218 2043 eo
1243 1987 1568 2041 confluebant
1590 2023 1604 2046 ‚
1633 1984 1793 2048 Regi-

537 2091 632 2139 bus
660 2089 796 2140 suam
841 2108 1045 2158 operam
1072 2085 1359 2142 offerentes*
1414 2077 1620 2131 Accidit
1669 2086 1791 2126 tunc

512 2183 671 2233 ‘inter
734 2183 860 2232 alios
910 2181 985 2232 D.
1042 2177 1407 2247 Raymundum
1460 2166 1792 2225 Tolosatium

512 2292 516 2295 ·
540 2275 806 2326 Comitem
834 2275 894 2324 ad
911 2271 1182 2325 Alfonsum
1208 2269 1435 2325 (fastellae
1455 2265 1669 2332 Regem,
1689 2260 1792 2310 ele-

539 2368 685 2429 &tum
734 2367 1095 2433 imperatorem
1119 2400 1132 2420 ‚
1183 2361 1396 2411 subsidio
1423 2352 1647 2425 venisse:
1706 2350 1790 2402 cui

539 2463 801 2516 Henricus
844 2463 953 2512 eius
989 2478 1053 2510 ex
1081 2459 1250 2510 sorore
1276 2455 1467 2524 nepos,‘
1511 2449 1662 2503 huius
1699 2463 1790 2498 ex·

537 2556 812 2629 peditionis
839 2562 1039 2612 comes,
1078 2550 1337 2602 fidiffimus
1363 2547 1480 2597 fuit.
1532 2543 1614 2594 De
1648 2538 1789 2590 cuius

541 2636 758 2701 Hs'enrici
803 2659 915 2697 ortu
938 2683 951 2704 ,
981 2646 1110 2694 inter
1135 2640 1369 2691 authores
1397 2653 1500 2686 non
1525 2632 1639 2684 satis
1664 2644 1790 2677 con-

540 2747 704 2798 uenit.
751 2745 894 2798 Nam
934 2739 1206 2793 Castellani
1250 2734 1517 2804 scriptores
1574 2724 1792 2779 eundem

1619 2816 1766 2869 Con-2
