1931 3239
348 245 423 281 DE
455 240 651 277 BELLO
686 241 1019 278 CAMBAICO
1061 244 1182 279 SEC.
1301 243 1402 299 305

161 352 447 404 obtinuerat
475 382 489 403 ‚
517 363 543 394 e
565 346 753 411 quibus
778 364 935 396 vnum
963 346 1030 395 est
1058 345 1258 396 Surrate
1289 384 1300 404 ‚
1324 366 1440 398 mu-

161 442 396 497 nitiffima
451 438 638 488 ciuitas
665 480 678 501 ,
709 458 766 490 ac
795 440 1169 509 propemodum
1221 439 1442 508 inexpu-

157 532 417 606 gnabilis:
466 533 679 601 ideoque
741 534 963 584 intuenti
1015 533 1267 601 reliquam
1325 537 1438 588 eius

156 629 253 680 viri
313 626 709 695 amplitudinem
756 628 806 678 &
857 628 1072 697 gratiam
1102 665 1117 686 ,
1171 627 1443 680 absurdum

153 741 259 777 non
285 721 549 772 videbatur
577 758 591 780 ,
620 721 718 772 tale
744 722 935 772 donum
967 723 1019 772 in
1050 722 1243 779 virum,
1269 735 1444 775 tanto-

154 834 273 885 pere
297 815 432 883 apud
459 813 573 865 suos
615 816 955 866 excellentem
986 854 998 875 ,
1041 815 1289 867 collatum
1317 817 1447 869 fuis-

156 909 227 961 se.
271 907 437 959 Cuius
464 909 761 976 impetratio
808 911 921 961 ideo
976 910 1179 961 facilior
1229 929 1444 980 appare-

158 1004 245 1054 bat
278 1038 291 1060 ,
340 1002 477 1070 quod
515 1021 572 1052 ea
601 1003 782 1052 ciuitas
826 1002 1035 1053 subinde
1076 1022 1210 1054 nunc
1237 1003 1447 1055 Turca-

157 1115 273 1151 rum
304 1133 316 1154 ‚
347 1113 483 1146 nunc
526 1094 889 1145 Lusltanorum
936 1097 1091 1146 armis
1118 1111 1407 1166 expugnata
1430 1135 1444 1158 ,

156 1189 339 1239 incerti
389 1187 817 1257 fluctuanc'tisque
842 1189 1060 1240 dominii
1103 1190 1195 1240 elie
1241 1190 1447 1241 videba-

159 1293 241 1333 tur
272 1319 285 1341 ,
314 1279 521 1350 spesque
565 1295 670 1332 erat
701 1321 713 1341 ,
740 1281 772 1332 sl
798 1281 1026 1353 Sopharo
1055 1282 1236 1334 tradita
1261 1282 1446 1345 fuiffet,

160 1374 270 1425 eius
300 1373 540 1424 industria
569 1413 582 1434 ‚
611 1376 658 1426 &
687 1375 881 1426 viribus
932 1376 1082 1428 facile
1123 1388 1302 1426 contra
1322 1377 1449 1429 alie-

156 1486 247 1519 nas
286 1486 410 1537 opes
436 1467 639 1518 defendi
665 1469 818 1536 poffe.

266 1561 472 1612 REBvs
519 1562 581 1611 ad
632 1562 782 1613 istum
835 1565 1047 1615 modum
1100 1562 1388 1615 constitutis
1433 1599 1447 1622 ,

157 1654 413 1724 Sopharus
465 1657 658 1715 Litteras
684 1659 746 1708 ad
776 1659 1028 1710 Ioannem
1059 1659 1454 1729 Mascaregnam

156 1756 320 1806 mittit
373 1757 390 1826 (
440 1743 585 1805 cuius
634 1757 864 1808 amicitia
918 1758 1065 1809 valde
1131 1757 1455 1808 familiariter

156 1847 438 1915 vtebatur)
483 1852 543 1900 de
594 1851 680 1902 sua
724 1852 969 1904 felicitate
1003 1892 1017 1913 ,
1071 1867 1315 1921 tanquam
1369 1853 1452 1901 in-

156 1939 217 1988 de
269 1959 576 2014 magnopere
634 1944 930 2011 gauisurum
980 1968 991 1997 ε
1046 1949 1451 2017 indicabatque,

155 2029 205 2080 se
253 2031 357 2084 iam
402 2053 506 2085 non
558 2036 734 2088 animo
793 2052 995 2089 tantum
1041 2080 1057 2102 ,
1105 2041 1186 2092 sed
1237 2059 1454 2113 corpore

155 2141 361 2205 quoque
413 2144 530 2177 cum
581 2128 750 2178 arnico
792 2129 995 2183 summo
1040 2136 1452 2191 coniunctiorem

155 2215 286 2268 fore.
331 2215 495 2268 Simul
535 2218 714 2288 legatiS
770 2241 923 2292 opera
967 2227 1081 2278 data
1133 2229 1200 2279 est
1236 2268 1251 2290 ‚
1290 2243 1343 2281 vt
1373 2232 1455 2284 vi-

155 2329 235 2361 res
286 2313 479 2364 nostras
531 2316 802 2388 copiasque
854 2324 1182 2392 explorarent
1212 2365 1225 2387 ‚
1279 2328 1453 2379 homi·

155 2421 378 2475 nemque
405 2423 628 2469 orarent,
652 2425 703 2462 vt
722 2414 876 2484 'ipsius
898 2434 1022 2484 pace
1050 2419 1226 2472 liceret
1254 2422 1452 2490 aliquot

75 2542 80 2547 .
154 2495 391 2546 cohortes
442 2498 496 2549 in
522 2502 698 2552 vrbem
737 2505 1059 2559 introducere
1085 2548 1098 2570 ‚
1139 2525 1192 2562 vt
1221 2514 1273 2563 in
1300 2513 1449 2563 rebus

154 2589 308 2642 nouis
335 2608 392 2640 ea
431 2609 586 2644 manu
641 2595 730 2648 fibi
778 2600 1124 2672 principatum
1171 2606 1448 2656 confirma-

156 2695 265 2746 ret,
305 2685 663 2757 populumque
712 2691 766 2744 in
793 2694 967 2748 officio
1019 2698 1338 2757 contineret,
1386 2712 1450 2748 ne

1335 2769 1415 2823 vel
