1965 3223
609 186 711 258 356
932 201 1217 238 DAMIANI
1271 202 1311 236 A
1338 202 1489 238 cors

574 305 827 356 militibus
864 306 983 357 naui
1010 306 1210 357 minore
1238 309 1390 378 longa
1421 319 1630 375 portum
1654 310 1818 360 tenuit
1846 348 1861 373 ,

574 403 765 453 &inde
796 401 883 453 alii
921 416 1071 471 atque
1119 404 1203 454 alii
1242 405 1393 455 duces
1443 403 1648 472 singulis
1686 404 1861 458 diebus

573 495 931 545 aduentabant.
977 494 1162 546 Hostes
1193 496 1387 547 interea
1415 495 1559 564 super
1585 495 1728 546 illam
1755 511 1863 546 tur-

571 590 641 641 ris
669 603 884 657 partem,
908 607 1062 656 quam
1094 591 1436 657 occupabant,
1463 589 1741 639 truncatim
1771 607 1863 658 pa-

570 679 720 730 rietes
745 677 1040 728 construunt
1067 714 1081 735 ,
1123 694 1179 726 ac
1208 677 1324 728 inde
1358 677 1542 727 affidue
1587 677 1640 726 in
1669 675 1860 725 nostros

570 773 669 822 tela
696 769 1056 819 coniiciebant.
1091 769 1237 820 Dum
1263 769 1315 819 in
1341 769 1420 820 his
1443 768 1682 839 angustiis
1701 768 1862 817 adhuc

571 867 931 919 Lusitanorum
960 864 1176 913 fortunae
1230 863 1543 916 versarentur
1568 904 1582 925 ,
1625 864 1864 935 vigefima

571 960 751 1011 οὲὶᾱυει
783 953 996 1022 Augusti
1038 953 1261 1002 Aluarus
1290 952 1515 1005 Castrius
1548 958 1597 1006 &
1627 956 1861 1007 Francis-

571 1071 660 1103 cus
708 1048 978 1100 Menefius
1052 1066 1172 1098 curn
1241 1050 1443 1117 potiore
1504 1053 1659 1102 claflis
1710 1073 1863 1105 manu

573 1156 779 1213 portum
801 1152 1062 1209 ceperunt.
1093 1140 1361 1193 Numerus
1388 1143 1596 1194 nauium
1621 1144 1865 1200 haetenus

578 1233 904 1302 appulsarum
949 1232 1130 1302 viginti
1186 1234 1429 1303 quinque.
1486 1236 1618 1307 Qae
1649 1277 1664 1298 ,
1707 1253 1868 1305 quum

571 1330 796 1380 minores
831 1327 1083 1396 pleraeque
1109 1326 1261 1378 effent
1295 1367 1309 1388 ‚
1365 1347 1467 1379 non
1517 1331 1686 1400 plures
1709 1349 1866 1400 quam

569 1420 962 1490 quadringentos
993 1419 1181 1470 milites
1215 1420 1547 1473 aduexerunt.
1592 1423 1852 1491 Reliquae,

570 1515 838 1566 contrariis
864 1515 1027 1564 ventis
1065 1514 1265 1582 agitatae
1296 1552 1310 1573 ,
1360 1513 1648 1566 Bazainum
1673 1516 1862 1568 coaestae

571 1607 684 1657 sunt
728 1619 973 1674 repetere.
1019 1603 1115 1654 Sed
1154 1604 1321 1673 postea
1362 1603 1685 1656 secundiores
1728 1619 1861 1655 tem-

568 1698 777 1768 pestates
813 1698 973 1748 nzffizae
1004 1735 1017 1755 ,
1055 1695 1225 1745 mense
1270 1695 1556 1766 Septembri
1588 1733 1601 1755 ,
1644 1696 1706 1746 ad
1758 1694 1860 1745 Di-

568 1790 734 1843 ensem
774 1803 981 1858 portum
1047 1788 1095 1838 δέ
1122 1786 1221 1838 istae
1266 1807 1466 1858 quoque
1495 1790 1802 1858 applicuere.

712 1882 866 1932 P‹›sT
895 1879 1074 1930 Aluari
1111 1877 1295 1933 Castrii
1324 1881 1601 1930 aduentum
1633 1917 1646 1940 ,
1698 1895 1860 1947 quum

570 1971 732 2024 hostes
769 1991 834 2024 ex
861 1972 934 2023 D.
970 1971 1198 2023 Thomae
1236 1973 1362 2022 turri
1405 1972 1584 2022 rudera
1624 1971 1858 2034 &colla-

570 2065 712 2134 psam
751 2064 1020 2114 materiam
1055 2062 1316 2114 eximendi
1353 2062 1554 2114 nullum
1582 2061 1738 2112 finem
1783 2061 1862 2112 fa-

575 2167 746 2204 cerent
776 2190 789 2212 ‚
832 2153 911 2202 leo
941 2152 1025 2201 ille
1065 2151 1426 2202 bombardicus
1452 2148 1688 2201 deorsum
1725 2148 1862 2196 ceci-

573 2246 646 2295 dit
675 2284 688 2304 ,
724 2248 772 2297 ἃ·
799 2244 1056 2295 basiliscus
1094 2244 1215 2294 fune
1242 2243 1501 2313 suspensus
1541 2244 1598 2294 in
1622 2241 1860 2294 ruderum
1934 2235 1940 2241 ’

572 2337 708 2386 mole
761 2335 995 2386 subsedit.
1039 2336 1213 2403 Qiare
1247 2337 1439 2386 milites
1483 2335 1571 2405 qui
1610 2333 1860 2403 postremo
1915 2350 1921 2353 ·

572 2439 811 2480 venerant
848 2463 862 2485 ‚
891 2427 1031 2475 tenui
1064 2429 1229 2477 adhuc
1268 2428 1475 2479 illarum
1509 2445 1678 2478 rerum
1705 2441 1862 2492 expe--

574 2523 758 2575 rientia
788 2557 801 2578 ,
841 2531 926 2568 aut
951 2518 1121 2585 potius
1145 2522 1427 2572 temeritate
1454 2522 1618 2573 ada&i
1648 2560 1663 2582 ,
1684 2519 1735 2570 id
1755 2534 1859 2566 non

575 2618 812 2674 ferentes,
845 2608 1195 2680 imprudenter
1222 2631 1380 2666 nouas
1413 2633 1492 2667 res
1512 2612 1683 2667 moliri
1729 2608 1862 2659 inci-

1737 2701 1820 2770 pi.
