1965 3256
564 240 668 293 268
912 257 1198 293 DAMIANI
1228 259 1269 295 A
1296 259 1443 295 cons

531 359 699 409 dicere
730 396 742 416 ,
771 373 823 411 vt
862 362 1053 414 nostros
1098 381 1368 433 purgarem
1410 365 1473 414 ab
1524 363 1818 416 huiusmodi

524 451 800 503 calumniis
830 492 844 514 ‚
893 456 941 504 &
994 467 1046 504 vt
1093 455 1352 505 Dodtores
1395 456 1554 506 Sacrae
1576 456 1815 508 Ecclesiae

519 551 772 602 Romanae
799 553 1060 603 redderem
1088 552 1236 603 nobis
1263 551 1591 605 affabiliores.
1624 554 1672 604 A
1702 555 1818 624 qui-

520 645 614 695 bus
665 644 881 715 (nescio
920 665 1074 715 quam
1126 645 1252 714 pie)
1305 646 1436 697 mihi
1482 647 1819 699 interdic‘tum

517 739 585 789 est
618 739 812 791 sumere
858 759 1045 810 corpus
1101 742 1450 806 Dominicum
1482 781 1496 802 ‚
1548 742 1816 812 postquam

514 833 567 883 in
597 833 915 885 Lusitaniam
954 838 1070 887 veni
1107 873 1122 895 ,
1159 836 1297 904 quod
1356 836 1585 904 spacium
1625 835 1693 886 est
1742 835 1816 885 se·

517 937 659 992 ptem
688 943 940 977 annorum
971 965 983 985 ,
1029 928 1079 976 ἃ.
1106 928 1122 994 (
1154 926 1205 975 id
1234 926 1370 994 quod
1396 945 1500 977 non
1529 927 1630 979 sine
1670 927 1817 977 dolo-

516 1038 572 1069 re
597 1040 655 1071 ac
678 1022 955 1090 lachrymis
977 1021 1146 1069 dicam
1175 1016 1191 1084 )
1218 1032 1426 1085 reputor
1475 1021 1609 1072 inter
1635 1022 1818 1072 fratres

520 1110 821 1162 christianos
880 1124 1125 1178 tanquam
1165 1096 1418 1160 Ethnious
1446 1146 1459 1167 ‚
1507 1111 1558 1160 &
1588 1107 1819 1163 Anathe-

513 1220 619 1254 ma.
667 1204 750 1255 De
779 1204 965 1272 quibus
992 1206 1140 1255 rebus
1188 1202 1274 1253 isse
1304 1240 1318 1262 ,
1368 1202 1456 1270 qui
1507 1203 1686 1253 omnia
1731 1222 1818 1254 ve-

512 1313 649 1368 getat
683 1337 698 1357 ,
717 1300 884 1350 videat
913 1336 927 1357 ‚
970 1299 1116 1350 cuius
1144 1299 1337 1349 iudicio
1364 1298 1544 1349 omnia
1571 1298 1822 1350 commit-

512 1400 587 1437 to.
633 1387 746 1457 Ego
774 1401 944 1439 autem
997 1406 1101 1439 non
1128 1387 1241 1438 sum
1269 1386 1446 1438 miflus
1475 1407 1503 1439 a
1529 1384 1816 1456 potentiffi-

512 1499 602 1531 mo
633 1480 869 1532 Domino
896 1497 1013 1531 meo
1045 1518 1058 1539 ,
1092 1480 1407 1550 Imperatore
1447 1479 1769 1551 Aethiopum
1800 1513 1814 1535 ,

515 1575 580 1624 ad
625 1573 925 1624 Romanum
974 1573 1282 1623 Pontificem
1310 1611 1325 1633 ,
1358 1575 1407 1645 &
1435 1571 1814 1624 Sereniffirnum

510 1665 765 1716 Ioannem
796 1664 1067 1715 Lussianiae
1094 1665 1292 1735 Regem
1331 1666 1392 1715 ad
1418 1665 1817 1734 disputationem

512 1754 561 1804 Ec
587 1754 978 1804 contentionum
1025 1753 1161 1802 rixas
1192 1790 1206 1811 ‚
1236 1752 1317 1803 sed
1345 1752 1406 1803 ad
1435 1752 1727 1802 amicitiam
1766 1753 1816 1802 δε

513 1848 813 1899 societatem
856 1848 1255 1899 contrahendam
1286 1885 1302 1908 ‚
1371 1855 1476 1897 non
1525 1858 1699 1896 autem
1757 1844 1820 1894 ad

518 1943 819 1993 traditiones
857 1943 1104 1992 humanas
1150 1942 1226 1991 vel
1273 1940 1528 2009 augendas
1562 1979 1576 2000 ,
1614 1939 1695 1990 vel
1739 1938 1817 1989 di-

517 2034 846 2086 minuendas.
890 2033 985 2084 Sed
1012 2048 1064 2085 vt
1090 2035 1151 2084 de
1177 2033 1434 2085 erroribus
1475 2031 1593 2083 Arii
1623 2030 1817 2101 princi-

519 2128 599 2196 pis
643 2128 1004 2178 haereticorum
1049 2128 1320 2197 diligenter
1365 2127 1688 2195 exquirerem
1719 2162 1733 2183 ,
1764 2125 1814 2174 &

523 2221 867 2289 intelligerem
894 2240 956 2272 an
997 2221 1236 2290 Europaei
1262 2219 1517 2275 christiani
1555 2235 1674 2269 cum
1720 2234 1816 2266 no-

517 2312 628 2363 stris
656 2352 669 2371 ,
717 2317 778 2364 ad
811 2317 963 2366 hriue:
992 2317 1218 2367 hominis
1245 2316 1516 2384 opiniones
1537 2314 1817 2373 deuincen-

527 2405 616 2454 das
647 2444 660 2465 ,
688 2409 1043 2458 conuenirent.
1088 2410 1301 2480 Propter
1327 2410 1472 2459 cuius
1495 2425 1686 2460 errores
1711 2406 1818 2458 Ni-

514 2517 615 2550 ceae
646 2536 659 2556 ,
690 2498 778 2549 sub
815 2496 953 2547 Iulio
983 2499 1116 2567 Papa
1143 2514 1509 2570 congregatum
1538 2501 1638 2552 fuit
1668 2497 1818 2549 Con-

518 2590 699 2640 cilium
752 2603 1096 2641 trecentorum
1128 2626 1144 2648 ,
1194 2592 1483 2642 o&odecim
1531 2589 1819 2658 Episcopo-

516 2701 653 2739 1um.
697 2687 776 2745 Ac
803 2687 986 2740 deinde
1014 2697 1065 2735 vt
1093 2683 1275 2740 scirem
1301 2724 1318 2748 ‚
1357 2704 1421 2738 an
1472 2687 1524 2739 id
1549 2682 1684 2753 apud
1705 2679 1814 2730 Eu-

1609 2791 1776 2844 ropae-
