1931 3239
209 217 388 258 ‘FIDES
415 211 668 254 RELIGIO
698 208 1290 261 MORESQAETHIOP.
1333 222 1433 274 251

154 325 288 376 tium
314 321 499 372 habent
529 354 544 377 ,
590 317 771 368 eodem
817 333 1019 386 quoque
1045 317 1201 366 modo
1253 323 1440 373 mulie-

153 433 233 466 res
280 410 435 460 etiarn
485 410 741 483 quandam
786 408 1136 478 glandulosam
1188 426 1391 462 carnem
1424 449 1439 469 ,

146 521 300 576 quam
323 502 629 573 Nympham
657 515 842 554 vocant
866 541 879 561 ,
925 503 977 553 in
1009 503 1317 572 genitalibus
1346 505 1436 556 ha·

145 596 267 646 bem
295 631 309 653 ‚
361 611 466 644 non
519 593 745 664 ineptam
791 594 1089 663 accipiendo
1161 594 1440 647 characteri

145 686 567 754 circumcisionis.
614 686 677 739 Id
705 689 841 757 quod
866 688 921 739 fit
947 702 1053 739 tam
1081 690 1134 739 in
1162 691 1429 752 masculis,

145 775 300 848 quam
326 778 381 829 in
407 777 642 847 foeminis
670 780 731 830 ad
758 780 996 831 octavum
1034 782 1171 832 diem
1202 820 1214 840 ,
1256 782 1305 831 δε
1335 781 1444 850 post

148 871 595 924 circumcisionem
634 871 844 924 masculi
874 875 1200 943 baptizantur
1228 875 1290 925 ad
1318 893 1445 943 qua-

147 966 494 1038 dragefimum
546 966 726 1031 diem;
767 969 1008 1020 mulieres
1048 988 1166 1021 vero
1195 970 1255 1020 ad
1298 970 1448 1021 octo-

149 1063 401 1132 gesimum
431 1101 444 1122 ,
501 1061 593 1113 nisi
644 1060 814 1127 aliqua
865 1060 1194 1111 interuenerit
1235 1063 1444 1130 aegritu-

148 1154 215 1205 do
247 1192 261 1214 ,
300 1167 355 1206 vt
381 1172 509 1224 opus
558 1153 615 1203 s1t
661 1150 978 1202 festinatione
1012 1172 1026 1215 3
1072 1152 1208 1220 quod
1255 1152 1288 1202 fi
1329 1166 1448 1204 ante

150 1258 354 1316 tempus
382 1245 714 1297 constitutum
744 1245 1071 1313 baptizentur
1102 1282 1115 1304 ,
1157 1244 1444 1295 infantibus

150 1355 257 1388 non
304 1336 425 1386 licet
465 1336 595 1388 laete
639 1335 816 1386 matris
850 1335 1027 1386 lactari
1058 1374 1071 1395 ,
1109 1334 1190 1385 sed
1229 1331 1444 1385 nutricis

148 1442 350 1498 tantum
375 1468 389 1489 ,
429 1428 481 1480 id
508 1430 713 1499 quidem
752 1430 913 1479 donec
941 1442 1127 1479 matres
1168 1428 1447 1498 purificen-

148 1534 247 1573 tur.
293 1518 359 1570 Et
383 1537 512 1587 aqua
531 1558 544 1579 ,
573 1523 626 1572 in
653 1538 752 1588 qua
788 1520 1121 1587 baptizantur
1151 1557 1163 1577 ,
1217 1516 1447 1569 exorcis-

148 1612 248 1663 mis
274 1610 595 1663 consecratur
643 1611 1038 1664 &benedicitur
1067 1649 1080 1670 ,
1141 1612 1189 1661 &
1234 1630 1289 1660 ea
1340 1608 1448 1679 ipsa.

153 1703 236 1753 die
268 1740 280 1760 ,
314 1720 411 1770 qua
439 1702 580 1770 pueri
610 1703 944 1771 baptizantur
973 1739 987 1759 ,
1015 1702 1303 1752 venerabile
1327 1719 1445 1751 cor-

147 1803 245 1854 pus
296 1789 519 1840 Domini
567 1790 828 1859 accipiunt
903 1790 991 1842 sub
1044 1793 1231 1861 exigua
1276 1791 1445 1859 specie

150 1879 318 1950 panis.
360 1880 480 1931 Nos
530 1881 692 1932 ferme
738 1886 881 1951 prius
918 1885 1113 1935 caeteris
1163 1883 1448 1935 christianis

149 1970 391 2021 omnibus
423 2010 436 2031 ,
463 1972 777 2040 baptismum
815 1980 875 2026 ab
906 1977 1159 2028 Eunucho
1190 1975 1446 2029 Candacis

149 2059 365 2130 Reginae
399 2060 692 2133 Aethiopiae
716 2103 730 2124 ,
757 2067 838 2116 cui
868 2087 1059 2120 nomen
1084 2083 1188 2121 erat
1213 2068 1400 2120 Indich
1430 2107 1448 2129 ,

150 2158 443 2228 accepimus
485 2164 500 2229 (
527 2160 595 2211 ita
634 2161 687 2210 in
713 2161 862 2215 Actis
903 2161 1263 2233 Apostolorum
1291 2166 1450 2216 tradi-

150 2260 235 2298 tur
259 2245 276 2313 )
315 2266 470 2317 quem
503 2269 599 2302 vna
619 2268 739 2303 cum
779 2255 1182 2307 circumcisione
1207 2295 1219 2316 ,
1246 2257 1264 2326 (
1292 2275 1449 2324 quam

152 2349 263 2390 turn
303 2343 547 2410 temporis
571 2382 584 2404 ,
607 2357 659 2397 vt
684 2348 824 2416 prius
873 2349 1069 2399 dictum
1097 2348 1165 2400 est
1188 2387 1202 2409 ‚
1229 2349 1454 2402 habeba-

152 2432 316 2497 mus)
362 2432 530 2485 san81e
572 2437 621 2488 &
650 2435 937 2490 Christiane
980 2439 1309 2493 obseruamus
1341 2480 1354 2501 ,
1399 2443 1450 2492 ὅε

154 2514 281 2570 Deo
308 2519 539 2589 adjutore
589 2522 761 2576 sumus
811 2542 1058 2597 perpetuo
1109 2530 1444 2583 obseruaturi.

224 2609 359 2664 NEC
389 2613 664 2687 quicquam
682 2631 865 2691 praeter
890 2639 966 2683 ea,
990 2641 1104 2694 quae
1131 2625 1185 2675 in
1215 2624 1376 2691 Lege,
1401 2621 1452 2671 &

1284 2713 1409 2763 Pro-2
