1965 3223
627 231 730 287 322
984 232 1271 285 DAMIANI
1319 249 1355 288 A
1408 247 1547 291 cong

545 404 548 405 ⁷
589 361 706 411 pam
755 346 965 417 ignitam
1028 358 1320 410 bombardis
1359 363 1669 425 admouent,
1715 385 1866 420 nemo

586 450 688 499 prae
714 455 849 492 metu
880 445 928 494 id
959 449 1020 496 ad
1065 454 1290 502 muneris
1341 453 1388 503 se
1413 458 1588 524 praesto
1630 461 1867 516 exhibere

584 527 816 583 auderet.

655 619 876 686 NEQE
912 628 961 678 id
991 631 1177 684 mirum
1200 674 1213 694 ,
1254 655 1410 705 quum
1434 653 1571 693 tanta
1594 645 1866 700 dexterita-

581 720 631 757 te
666 710 826 764 hostes
871 719 1254 777 ineuitabilibus
1285 728 1469 781 icftibus
1499 734 1865 800 iacularentur‚

579 1082 895 1123 tormentum
926 1114 939 1135 ,
969 1081 1106 1146 quod
1144 1083 1196 1131 in
1226 1083 1439 1138 sublime
1466 1092 1645 1159 globos
1671 1101 1867 1152 euomit

578 1157 923 1224 (mortarium
971 1170 1122 1238 vulgo
1147 1172 1365 1242 dicitur)
1409 1191 1562 1233 tantae
1606 1200 1709 1236 erat
1757 1208 1867 1241 ma-

574 1252 856 1317 gnitudinis
912 1298 925 1319 ,
977 1275 1028 1312 vt
1076 1267 1281 1333 glandes
1333 1282 1590 1340 torqueret
1615 1280 1863 1332 offitoniim

576 1340 631 1391 in
660 1348 855 1396 ambitu
895 1350 1207 1416 palmorum.
1252 1356 1371 1411 Hoc
1397 1380 1424 1411 e
1451 1365 1655 1432 regione
1706 1371 1860 1420 turris

575 1432 651 1483 D.
711 1436 921 1490 loannis
1010 1445 1125 1495 loco
1203 1448 1389 1500 declini
1454 1447 1855 1513 collocauertint.

575 1524 749 1578 Huius
780 1530 1000 1600 impulsu
1042 1537 1092 1586 &
1131 1542 1449 1593 concusfione
1499 1561 1666 1600 tantus
1704 1566 1862 1601 terror

574 1636 604 1666 a
631 1620 810 1670 nostris
854 1642 1131 1694 conceptus
1175 1632 1283 1690 est,
1329 1649 1380 1685 vt
1424 1642 1620 1704 quoties
1670 1643 1856 1709 globus

572 1707 782 1778 desuper
810 1715 862 1764 in
909 1737 1076 1769 arcem
1117 1723 1302 1774 irruere
1341 1727 1749 1795 inspicerentur,
1797 1738 1858 1785 de

578 1796 628 1846 se
657 1801 869 1870 quisque
909 1809 1080 1859 aetum
1109 1812 1200 1861 effe
1230 1851 1240 1867 .
1268 1815 1317 1864 in
1348 1819 1522 1868 animo
1549 1823 1852 1891 praesagiret.

574 1891 628 1942 Is
669 1895 806 1946 enim
831 1937 844 1958 ,
884 1904 1028 1952 cuius
1068 1906 1305 1957 industria
1343 1913 1605 1981 negotium
1635 1916 1729 1966 hoc
1757 1932 1858 1970 tra-

570 1987 801 2040 &abatur
829 2030 842 2051 ,
871 1995 978 2047 eius
1007 1999 1207 2052 artificii
1255 2020 1359 2057 erat
1394 2046 1407 2067 ‚
1457 2021 1508 2058 vt
1538 2010 1737 2059 nullum
1764 2030 1857 2061 vn-

569 2094 723 2143 quam
769 2082 992 2135 iaculum
1030 2088 1203 2141 frustra
1230 2097 1486 2148 emitteret
1514 2137 1527 2158 ‚
1574 2097 1655 2148 sed
1681 2103 1858 2154 omnia

567 2166 840 2224 introrsum
877 2177 926 2227 in
956 2199 1122 2232 arcem
1152 2187 1451 2240 reciderent.
1495 2189 1619 2258 Qio
1663 2192 1856 2241 artifice

585 2261 667 2326 (vt
693 2282 754 2313 ex
782 2269 998 2333 captiuis
1041 2274 1206 2340 postea
1234 2278 1419 2332 scitum
1445 2280 1547 2347 est)
1572 2284 1674 2333 iau
1704 2285 1863 2333 bom—-

572 2347 777 2400 bardico
827 2373 854 2403 a
884 2358 1061 2410 nostris
1101 2367 1411 2438 interempto
1441 2410 1455 2431 ,
1486 2372 1647 2422 hostes
1689 2374 1740 2424 in
1767 2376 1856 2424 de-

569 2442 759 2491 mortui
812 2443 985 2497 locum
1017 2487 1030 2507 ,
1069 2454 1227 2506 alium
1263 2458 1513 2511 sufficiunt
1548 2501 1561 2521 ,
1601 2466 1661 2514 de
1710 2463 1854 2514 cuius

573 2548 725 2598 opera
754 2533 889 2584 idem
918 2535 1202 2604 sperabant,
1232 2545 1312 2595 sed
1342 2549 1534 2602 frustra.
1570 2554 1711 2604 Nam
1733 2568 1852 2600 cum

569 2636 673 2674 arte
707 2641 895 2678 careret
922 2666 936 2688 ,
963 2630 1138 2699 globi,
1186 2653 1311 2703 quos
1343 2639 1392 2689 in
1423 2643 1615 2707 nostros
1657 2642 1848 2710 dirige-

1696 2734 1778 2784 bat
1801 2772 1816 2793 ,
