1931 3239
274 223 510 266 DIENSIS
553 219 732 257 VRBIS
765 218 1162 256 OPPVGNATxo
1286 225 1380 279 131

155 350 281 386 cum
324 329 476 384 nullae
527 325 847 377 munitiones
917 323 1169 376 obstarent
1198 358 1212 380 ,
1265 323 1425 376 hostes

154 427 301 480 omni
347 424 572 476 adhibita
622 423 888 492 diligentia
923 460 938 482 ,
990 440 1160 473 arcem
1226 420 1422 490 ingredi

152 519 391 574 omnibus
417 516 608 568 viribus
662 515 972 587 satagebant.
1016 515 1195 567 Nostri
1248 529 1419 565 autern

153 628 494 683 repugnantes
520 611 747 661 trabibus
773 649 786 669 ,
814 610 972 680 tignis
1003 650 1017 670 ,
1047 611 1293 680 vallisque
1319 609 1428 660 val-

157 708 268 757 lum
294 724 386 776 pro
408 702 697 755 defensione
716 703 871 754 diruti
894 704 995 754 loci
1025 706 1227 774 erigunt
1247 743 1260 764 ,
1305 723 1426 773 pro-

162 797 558 868 pugnaculaque
588 795 734 863 super
759 796 955 846 moenia
979 796 1230 847 instruunt
1247 834 1260 855 ,
1308 796 1425 864 qui-

155 891 249 941 bus
275 889 421 938 rebus
448 885 600 936 nostri
621 899 878 954 vtcunque
903 884 949 936 se
976 887 1268 936 tuebantur.
1317 883 1434 935 Ho-

165 982 259 1036 stes
280 980 421 1030 enim
465 995 675 1028 omnem
698 996 849 1046 opem
871 992 1050 1028 contra
1075 978 1246 1028 moliri
1279 1016 1291 1036 ‚
1320 998 1436 1029 mu-

165 1073 392 1123 nitiones
418 1069 604 1121 nostras
626 1069 920 1121 subruentes
951 1107 965 1126 ,
994 1069 1187 1120 viribus
1214 1071 1437 1120 redinte-

179 1164 337 1231 gratis
367 1201 381 1221 ‚
442 1165 754 1214 conabantur
791 1200 805 1220 ,
858 1163 1040 1231 globos
1070 1199 1085 1221 ‚
1140 1162 1439 1231 sagittasque

140 1318 146 1321 p
175 1252 350 1321 igneas
378 1253 430 1302 in
457 1253 646 1303 vallum
693 1251 958 1302 demittere
987 1289 1001 1310 ,
1031 1253 1120 1321 ipsi
1146 1255 1301 1304 etiam
1351 1254 1441 1305 sae-
1506 1263 1518 1267 “

166 1347 282 1417 pius
302 1347 363 1396 ad
383 1345 570 1397 vallum
599 1384 611 1404 ‚
650 1343 827 1394 nostris
853 1346 1034 1396 acriter
1069 1346 1440 1407 obsistentibus,

165 1448 565 1504 perrumpentes.
601 1433 733 1502 Qae
754 1435 1067 1504 oppugnatio
1098 1435 1308 1504 singulis
1334 1436 1443 1485 die-

167 1521 260 1571 bus
310 1521 387 1572 bis
424 1523 700 1590 agebatur,
753 1540 900 1573 mane
945 1525 991 1574 δε
1039 1522 1258 1592 vespere.
1316 1524 1444 1575 Dux

165 1615 429 1667 Antonius
481 1635 510 1666 a
545 1615 771 1685 Sylueira
805 1618 1046 1669 affiduam
1098 1620 1435 1687 pertinaciam

164 1711 385 1763 hostium
435 1710 752 1763 considerans
795 1711 850 1762 in
892 1713 1159 1765 ruderibus
1209 1712 1445 1781 collapsae

166 1808 318 1859 turris
353 1808 636 1859 tabulatum
661 1846 674 1867 ,
724 1827 817 1876 pro
867 1808 1153 1859 defensione
1180 1846 1193 1866 ,
1226 1826 1439 1875 compa-

168 1897 313 1949 &um
358 1898 524 1966 erigit.
569 1898 780 1968 Atergo
820 1899 963 1950 illico
1006 1901 1179 1969 ignem
1207 1918 1270 1950 ex
1299 1900 1443 1967 picea

169 1997 384 2049 materia
424 1995 674 2064 aridisque
719 1998 871 2067 lignis
910 1996 1051 2047 struit
1083 2035 1096 2057 ,
1136 1998 1223 2066 qui
1252 2016 1440 2067 magno

168 2092 429 2152 incendio,
456 2090 631 2150 noctu,
659 2110 808 2142 mane
827 2130 841 2151 ,
866 2091 1169 2160 vespereque
1191 2093 1401 2142 ardebat
1429 2131 1441 2150 ,

167 2185 393 2238 ,interdiu
435 2185 651 2237 minime
692 2186 1056 2238 incendebatur
1085 2223 1098 2244 ,
1150 2187 1339 2255 quippe
1365 2206 1446 2237 ar-

171 2280 264 2330 dor
316 2279 467 2338 solis,
506 2280 555 2330 &
580 2279 744 2337 calor,
806 2278 1078 2330 combustae
1119 2280 1343 2330 materiae
1372 2279 1446 2330 sa-

176 2375 241 2426 tis
290 2392 377 2444 per
415 2372 463 2424 se
500 2370 770 2444 ingressum
795 2374 1019 2425 hostibus
1048 2373 1441 2424 intercludebat.

173 2470 284 2540 Qi
311 2470 672 2522 considerantes
723 2470 857 2539 ignis
886 2469 1253 2538 rapidislimum
1300 2471 1448 2519 ardo-

173 2583 303 2624 rem,
333 2565 711 2636 harpagonibus
741 2562 914 2615 ferreis
942 2563 1005 2614 ad
1033 2562 1206 2613 focum
1239 2574 1450 2610 conten-

172 2662 300 2716 dunt
320 2663 369 2716 &
394 2678 603 2715 omnem
627 2660 917 2722 materiam,
947 2676 1102 2731 quarn
1129 2656 1310 2709 nostris
1336 2655 1450 2704 alli-

1266 2766 1412 2800 men·
