1931 3239
181 265 352 302 rmus
378 258 628 298 nummo
662 253 934 303 MORESQ
963 256 1254 294 AETHIOP.
1318 261 1421 315 219

144 404 185 430 ,‚
206 386 287 418 me
333 367 385 416 in
406 363 641 413 Sanfi'tam
659 361 984 412 Trinitatem
1012 397 1025 417 ,
1069 361 1119 409 δε
1145 360 1205 409 in
1237 360 1417 411 Vnum

141 495 184 518 ,‚
212 457 384 507 Deum
411 490 426 510 ,
449 454 498 503 δε
528 450 895 520 Virginitatem
956 449 1203 500 DomInae
1250 452 1425 503 nestrae

150 583 189 608 ‚,
217 545 511 595 VIRGINIS
540 540 783 593 MAR1AE
808 581 822 603 ,
860 543 909 591 δε
936 541 1181 590 articulos
1208 539 1323 590 fide-‘1
1351 552 1427 588 te-

144 675 186 701 „
214 656 347 695 neo,
385 637 437 687 δε
480 635 693 686 obseruo
725 674 738 693 ,
797 636 866 685 vti
910 636 971 684 ab
1000 633 1257 703 Apostolis
1307 652 1434 684 con-

140 767 180 792 „
204 728 373 796 scripti
400 726 624 778 fuerunt.
668 727 828 779 Nunc
870 725 1014 777 Deus
1044 724 1292 794 Optimus
1320 744 1432 776 ma-

140 860 181 887 „
207 842 273 874 nu
317 822 641 892 potentissimi
670 859 683 880 ,
726 823 775 872 &
806 819 1218 901 Christianiffimi
1271 819 1429 889 Regis

142 951 185 974 ‚‚
212 914 566 967 Emmanuelis
605 913 698 962 iter
719 911 960 982 patefecit
984 950 997 970 ‚
1041 923 1095 960 ut
1123 929 1212 978 per
1236 911 1432 979 legatos

145 1005 606 1069 „conveniremus
624 1007 671 1056 ἃ
695 1006 749 1054 in
775 1004 871 1054 fide
891 1002 1154 1053 conum-Eli
1185 1000 1436 1052 Christia-

146 1134 185 1157 „
208 1096 259 1145 ni
289 1133 302 1155 ,
344 1112 462 1144 cum
526 1091 829 1143 Christianis
884 1092 1002 1142 Deo
1048 1089 1429 1140 inserviremus.

145 1218 186 1245 „
215 1183 309 1233 Sed
333 1183 456 1232 dum
481 1182 534 1232 ln
560 1183 672 1232 aula
694 1198 807 1230 mea
830 1181 937 1229 eius
966 1177 1210 1230 Oratores
1239 1177 1388 1226 effent
1409 1212 1423 1233 ,

150 1314 191 1339 ,‚
221 1275 433 1326 allatum
459 1273 527 1325 est
546 1293 663 1324 eum
692 1311 704 1331 ,
756 1277 915 1322 vitam
944 1291 1064 1322 cum
1097 1283 1261 1320 morte
1290 1287 1436 1319 com-

148 1406 191 1430 „
220 1366 426 1417 mutasse
451 1404 465 1425 ‚
516 1365 814 1433 Filiumque
842 1365 951 1414 eius
975 1402 989 1422 ‚
1018 1363 1228 1414 fratrem
1257 1379 1438 1411 meum

149 1497 190 1522 ,‚
222 1458 472 1510 Ioannem
495 1458 692 1527 paterni
742 1457 883 1525 regni
915 1453 1183 1524 Sceptrum
1214 1452 1442 1521 accepis-

149 1594 191 1619 „
220 1555 286 1606 se.
334 1555 481 1605 Vnde
509 1552 652 1603 sicuti
691 1569 755 1601 ex
792 1552 949 1619 patris
986 1564 1150 1600 morte
1180 1549 1443 1598 sun-imum

154 1689 193 1712 „
224 1647 470 1699 senseram
497 1646 728 1697 dolorem
753 1683 767 1704 ,
809 1645 878 1694 ita
897 1661 960 1693 ex
982 1643 1077 1693 filii
1120 1642 1258 1692 felici
1284 1642 1337 1691 in
1364 1659 1444 1690 re-

152 1778 191 1802 „
219 1759 378 1809 gnum
427 1740 765 1809 affu‘mptione
817 1737 1035 1789 mirifice
1065 1734 1176 1786 sum
1202 1735 1402 1785 laetatus
1429 1769 1442 1790 ,

155 1871 195 1896 ‚‚
222 1835 347 1884 adeo
373 1847 424 1883 vt
450 1834 643 1900 sperem
681 1852 773 1883 nos
797 1831 1163 1883 communibus
1209 1828 1372 1896 copiis
1398 1829 1447 1877 ἅτ

153 1959 192 1982 ,,
224 1921 417 1971 viribus
452 1927 541 1989 per
562 1921 795 1989 regiones
840 1919 1152 1970 Nlaurorum
1204 1916 1442 1984 peffimo-

157 2046 195 2071 „
223 2028 338 2061 rum
381 2048 395 2069 ,
420 2022 548 2059 terra
571 2009 799 2077 marique
822 2010 915 2059 iter
941 2022 1200 2077 aperturos
1230 2045 1243 2065 ,
1288 2019 1442 2073 atque

156 2141 201 2166 „
222 2124 307 2156 eos
333 2122 521 2173 magno
547 2117 733 2153 terrore
769 2104 910 2154 illato
939 2141 952 2162 ,
999 2102 1198 2153 sedibus
1221 2113 1243 2160 ’,
1289 2101 1338 2151 ἃ
1367 2118 1444 2149 re-

158 2238 202 2263 „
221 2199 334 2269 gnis
356 2196 447 2246 esse
476 2196 775 2266 depulsuros
801 2235 813 2254 .
855 2210 905 2247 vt
934 2197 1213 2247 commodo
1242 2206 1448 2265 pacato-

161 2329 206 2351 „
227 2307 324 2359 que
350 2289 527 2339 itinere
555 2327 564 2345 ‚
615 2285 886 2339 Christiani
918 2285 1452 2354 Hierosolymitanum

159 2415 199 2438 „
224 2378 479 2446 templum
503 2389 670 2446 petere
692 2416 706 2437 ,
744 2379 793 2429 &
831 2377 988 2428 libere
1008 2395 1300 2428 commeare
1324 2375 1443 2445 pos-

162 2509 201 2533 ,‚
225 2473 337 2524 sint.

270 2605 308 2627 n
337 2565 556 2629 ATQVE
602 2586 695 2637 ego
746 2568 799 2618 in
851 2568 1033 2638 primis
1055 2607 1068 2627 ‚
1114 2566 1259 2617 sicuti
1300 2564 1453 2614 vehe-

161 2695 202 2723 „
241 2673 438 2713 menter
460 2670 671 2727 exopt0‚
699 2657 864 2710 diuini
885 2657 1075 2711 amoris
1102 2655 1352 2726 particeps
1380 2649 1454 2700 es-

1347 2780 1382 2803 „
1410 2741 1458 2795 se
