1965 3256
572 249 680 307 314
896 255 1182 292 DAMIANI
1227 257 1267 292 A
1299 256 1448 294 GOES

536 355 674 405 calce
724 357 911 410 vallum
957 363 1099 411 mirae
1151 362 1480 414 crassitudinis
1514 364 1717 421 erexit,
1761 358 1814 413 δῦ

534 453 595 501 ad
623 453 805 505 immas
833 459 1002 525 operis
1030 459 1219 509 radices
1247 498 1259 519 ,
1293 459 1479 527 apertis
1508 459 1634 509 inibi
1669 458 1812 508 fene-

533 544 641 595 stris
667 547 857 596 relictis
890 586 903 606 ‚
951 550 1253 599 bombardas
1282 549 1516 618 apposuit
1545 590 1559 609 ,
1601 550 1815 618 superne

534 642 972 712 propugnaculum
1019 643 1144 693 istud
1195 662 1382 694 corona
1406 643 1674 713 pinnarum
1703 664 1813 698 am-

533 735 715 802 plexus
759 733 826 782 est
856 770 868 791 ‚
911 733 1136 800 iustoque
1196 732 1422 801 praesldio
1465 733 1696 799 protinus
1735 734 1815 783 in-

532 822 710 873 struxit
745 859 756 879 ,
796 822 845 870 &
888 835 940 870 vt
967 835 1135 870 tutum
1183 821 1244 870 ab
1297 821 1483 871 iniuria
1532 821 1813 874 nostrorum

530 913 815 965 iaculorum
845 911 1106 958 asseruaret
1133 909 1390 977 goffipinis
1427 910 1634 962 sarcinis
1659 913 1814 963 vnde-

533 1018 732 1067 cunque
756 998 998 1048 muniuit.
1044 997 1167 1063 QO
1191 1001 1561 1067 opereingenti
1606 1001 1815 1054 festina-

532 1098 672 1147 tione
700 1094 832 1142 intra
859 1109 1011 1141 vnam
1052 1091 1260 1140 no'Ctem
1287 1092 1524 1144 confecto
1550 1131 1563 1152 ‚
1609 1095 1812 1148 albente

530 1187 634 1238 iam
682 1184 735 1233 in
771 1184 908 1232 diem
935 1181 1070 1230 coelo
1099 1217 1113 1239 ‚
1152 1199 1322 1231 arcem
1361 1182 1504 1233 omni
1532 1201 1713 1252 genere
1740 1198 1817 1237 te-

530 1276 701 1327 lorum
731 1289 1028 1342 oppugnare
1057 1285 1335 1337 caeperunt.

643 1358 797 1408 DVM
850 1354 957 1404 haec
1008 1367 1226 1421 aguntur
1255 1392 1270 1414 ‚
1303 1354 1524 1406 Ioannes
1553 1355 1818 1411 Mascare-

532 1469 656 1523 gnas
701 1447 906 1505 seruos,
962 1444 1203 1493 mulieres
1233 1481 1246 1502 ,
1301 1463 1358 1494 ac
1399 1464 1582 1513 pueros
1611 1485 1625 1506 ,
1673 1449 1816 1500 mili-

532 1541 629 1591 tari
694 1556 858 1607 operte
904 1536 1109 1586 inutiles
1137 1574 1149 1595 ,
1211 1536 1425 1586 nauibus
1499 1538 1817 1602 quorundam

533 1638 876 1677 mercatorum
953 1623 1313 1674 Lusitanorum
1342 1659 1357 1680 ‚
1429 1622 1695 1673 Basainam
1766 1628 1816 1677 &

535 1714 819 1766 Chaulium
891 1714 1131 1762 auntibus
1159 1750 1173 1770 ‚
1250 1713 1537 1763 auehendos
1585 1714 1811 1764 tradidit.

531 1809 712 1863 Naues
740 1808 864 1856 item
891 1807 1013 1855 duas
1049 1807 1191 1875 (quas
1221 1804 1340 1855 Indi
1368 1804 1584 1856 Catures
1610 1803 1813 1871 vocant)

533 1896 733 1947 summa
759 1895 1015 1945 celeritate
1043 1896 1226 1945 armari
1256 1895 1385 1944 iuflit
1415 1933 1428 1955 ,
1450 1909 1504 1946 vt
1530 1913 1672 1945 oram
1701 1914 1814 1946 ma-

530 1986 762 2037 ritimam
796 1983 1021 2052 legentes
1048 2021 1062 2043 ,
1109 1984 1269 2034 hostes
1297 1997 1588 2034 commeatu
1635 1984 1814 2052 prohi-

530 2085 727 2133 berent.
762 2083 895 2150 Qiae
917 2082 1154 2133 mandata
1181 2083 1400 2153 impigre
1427 2083 1689 2143 facientes,
1719 2086 1814 2135 οὶ)-

530 2171 781 2238 nauigans
809 2170 1064 2220 littoribus
1097 2207 1110 2227 ,
1128 2186 1240 2218 non
1264 2168 1422 2237 longo
1469 2166 1647 2216 deinde
1673 2179 1806 2216 tem-

528 2262 665 2328 poris
694 2260 853 2326 spatio
878 2261 1083 2311 reuersae
1115 2298 1128 2318 ‚
1153 2259 1310 2309 etiam
1348 2259 1401 2308 in
1439 2257 1657 2307 hostium
1679 2271 1807 2305 ocu-

522 2353 588 2403 lis
629 2351 1020 2419 quatuordecim
1048 2367 1206 2400 naues
1231 2389 1245 2409 ‚
1268 2351 1528 2401 mercibus
1588 2349 1637 2399 &
1663 2364 1811 2397 com-

527 2463 697 2503 meatu
761 2448 1000 2505 onustas,
1050 2449 1404 2517 intercipiunt.
1446 2448 1570 2516 Qo
1617 2447 1813 2497 factum

530 2546 597 2598 est
629 2580 641 2601 ,
685 2555 736 2590 vt
778 2540 1031 2606 iniquiore
1082 2540 1249 2589 multo
1300 2559 1502 2591 annona
1544 2537 1812 2590 aduersarii

529 2642 804 2699 vterentur.
849 2626 915 2679 Et
956 2641 1008 2679 vt
1052 2644 1130 2677 res
1170 2625 1259 2678 suo
1298 2629 1476 2681 ordine
1502 2665 1519 2690 ,
1563 2624 1810 2692 certisque

1657 2717 1778 2770 fun·

1941 3221 1965 3256 r
