1931 3239
309 207 385 242 DE
416 202 606 240 BELLO
637 201 972 238 CAMBAICO
1001 204 1126 241 SEC.
1244 207 1346 262 357

94 314 244 383 pium
266 350 281 374 ‚
320 309 593 368 iaetantes,
621 308 704 359 vbi
743 320 881 359 tanta
909 325 1174 360 muron-m
1202 311 1388 384 strages

86 416 322 461 extaret,
363 400 569 468 iamque
611 411 842 468 patentes
880 397 975 448 x-iae
1003 397 1065 446 ad
1091 415 1258 449 arcem
1306 404 1387 454 in-

88 496 371 548 uadendam
428 493 832 562 capiendamque
892 489 1116 540 hostibus
1161 494 1389 559 praebitae

88 592 241 644 effen-t
268 630 283 650 ‚
324 590 477 642 certis
520 590 803 641 rationibus
839 587 956 637 duci
1003 585 1102 636 sese
1136 624 1148 644 ,
1177 601 1230 638 vt
1276 606 1386 639 cre-

88 685 265 738 derent
322 684 543 735 hostium
599 684 707 734 vim
736 700 840 732 non
885 681 934 731 in
967 680 1132 731 milite
1164 720 1178 741 ,
1211 681 1293 733 sed
1338 683 1392 735 in

88 777 488 828 bombardarum
509 774 903 827 iaculationibus
923 773 1247 825 solummodo
1263 794 1391 826 con-

90 869 261 921 stitifl'e
291 891 302 921 :
344 869 589 939 ducisque
631 868 786 920 nostri
820 868 1008 918 timore
1033 867 1204 935 potius
1231 885 1391 936 quarn

90 963 363 1033 prudentia
426 964 672 1014 effe&um
703 999 716 1019 ,
774 973 826 1010 vt
866 977 1026 1028 quum
1077 959 1253 1010 liceret
1295 962 1390 1011 ho·

89 1055 215 1110 stem
254 1057 304 1108 in
349 1057 449 1107 suis
477 1056 646 1107 castris
671 1055 875 1104 vincere
902 1091 914 1111 ,
957 1051 1045 1120 ipfi
1075 1052 1208 1102 vltro
1235 1053 1396 1106 hosti-

95 1165 185 1196 um
214 1147 474 1199 obsidione
525 1160 812 1198 teneantur.
857 1143 1015 1196 Hisce
1062 1147 1229 1196 verbis
1306 1147 1396 1196 de-

94 1239 402 1289 bacchantes
435 1277 449 1299 ,
505 1257 608 1290 non
673 1258 833 1308 pauca
883 1239 1006 1289 item
1049 1238 1147 1289 alia
1192 1239 1396 1290 iaetita-

95 1330 221 1380 bant
249 1369 263 1390 ,
305 1349 416 1400 quae
455 1332 696 1400 imperita
734 1331 1014 1383 multitudo
1045 1369 1057 1389 ‚
1089 1329 1260 1380 furore
1286 1331 1398 1400 agi-

96 1438 200 1474 tata
224 1463 237 1483 ,
278 1443 518 1476 enomere
560 1427 847 1477 consueuit.
894 1425 1014 1493 Qta
1053 1424 1278 1474 faotione
1317 1444 1398 1475 re-

97 1516 270 1585 liquos
299 1557 313 1577 ,
353 1520 440 1587 qui
470 1538 497 1569 a
546 1520 831 1589 primordio
870 1519 991 1569 belli
1051 1519 1180 1568 mira
1217 1518 1398 1568 obedi-

94 1611 234 1660 entia
269 1611 491 1680 eousque
528 1615 776 1681 imperata
826 1611 1049 1662 fecerant
1085 1650 1099 1670 ,
1145 1611 1198 1660 in
1252 1610 1394 1662 suam

98 1701 401 1755 sententiam
459 1707 842 1756 contaminatos
886 1715 1265 1774 pextraxerunt.
1311 1703 1398 1756 Ad

103 1795 157 1845 id
219 1797 390 1849 leonis
444 1839 456 1860 ,
499 1801 549 1850 «Sc
586 1800 802 1850 bafilisci
856 1799 1049 1849 amiffio
1124 1795 1396 1846 cumulum

101 1888 292 1940 irarum
336 1892 627 1944 adiiciebat.
662 1892 1020 1959 Quamobrem
1062 1886 1397 1958 congregati,

102 1983 415 2033 vnanimiter
441 1982 834 2054 Mascaregnam
863 1984 1160 2034 adoriuntur
1184 2003 1195 2031 :
1246 1980 1308 2029 ab
1336 1997 1399 2029 eo

101 2074 391 2126 incredibili
426 2078 652 2127 tumultu
692 2077 1052 2145 feracitateque
1121 2090 1398 2141 erumpen-

101 2168 156 2218 di
194 2166 493 2220 facultatem
525 2209 538 2229 ,
587 2169 843 2238 castraque
871 2152 1140 2221 inuadendi
1193 2168 1400 2235 copiam

104 2257 195 2309 fibi
245 2260 536 2330 postulare:
585 2263 724 2312 nulla
767 2262 870 2311 iam
941 2279 993 2311 re
1031 2259 1346 2311 obfidionern
1380 2295 1396 2317 ,

105 2369 262 2419 quam
300 2354 530 2422 ipsorum
558 2357 763 2426 ignauia
788 2396 800 2416 ,
825 2357 1127 2427 perdurare:
1171 2353 1270 2404 vile
1305 2353 1400 2402 hc-

103 2443 253 2497 stium
286 2452 469 2521 vulgus
493 2491 506 2512 ,
553 2452 729 2503 occifis
756 2454 856 2503 iam
888 2452 1105 2502 ducibus
1140 2451 1188 2501 δε
1217 2446 1402 2499 [εἲεξὶῑι

103 2544 251 2594 omni
281 2545 574 2610 iuuentute,
599 2549 662 2601 ad
684 2548 909 2618 p'rimam
931 2546 1256 2616 eruptionem
1281 2557 1400 2611 pro-

110 2637 419 2709 iugiturum.

1251 2729 1364 2781 H1s
