1931 3239
504 246 978 296 n1sPAN1A
1268 255 1339 311 93

97 363 269 416 mensa
311 361 585 414 discedant.
633 357 740 410 Hic
791 355 990 410 tametsi
1016 357 1248 426 corporis
1288 359 1366 409 sa·—

102 455 180 508 lus
239 457 514 526 repletione
550 465 783 524 grauetur
812 488 826 510 ,
875 449 1080 501 animus
1109 463 1287 500 tamen
1332 457 1383 508 &

101 550 232 599 ratio
254 586 268 607 ,
305 561 359 599 vt
385 549 573 600 accidit
596 548 648 596 in
677 544 831 594 ebriis
852 581 865 602 ,
891 542 1112 593 minime
1137 543 1371 598 laeditur.

104 636 186 688 Ita
232 638 290 688 fit
326 653 378 691 vt
404 641 492 708 qui
516 640 692 691 vinum
714 635 1111 702 intemperanter
1150 635 1385 706 ingurgi-

100 743 211 783 tant
232 770 246 791 ,
275 735 507 787 animum
565 771 577 793 ,
604 729 968 782 conscientiam
1001 766 1013 785 ‚
1043 747 1226 798 corpus
1247 769 1259 790 ,
1289 732 1387 781 ho-

102 844 280 877 norem
310 865 324 886 ,
358 829 515 880 vitam
543 828 653 877 labe
689 824 914 892 tingant.
952 822 1062 891 Qi
1083 838 1253 875 autem
1280 825 1386 876 cibi

105 936 311 970 voraces
354 918 506 980 sunt,
552 915 784 985 corporis
813 929 1015 966 tantum
1061 915 1208 968 saluti
1231 919 1379 970 noxii

109 1013 242 1067 sum.
288 1014 400 1066 Istis
466 1013 716 1083 perpensis
747 1051 760 1072 ‚
813 1013 1002 1063 iudicet
1038 1028 1212 1080 aequus
1259 1011 1390 1063 aestia

118 1120 286 1157 mator
319 1143 332 1163 ,
379 1123 532 1175 penes
559 1121 686 1172 quos
719 1103 829 1154 laus
878 1104 1022 1155 istius
1058 1104 1128 1153 rei
1153 1104 1388 1156 consiste-

120 1219 173 1251 re
194 1203 391 1251 debeat.
434 1200 553 1252 Nec
604 1199 734 1249 mihi
771 1201 884 1250 ideo
937 1200 1025 1250 ista
1061 1200 1197 1250 dicta
1241 1201 1389 1259 sunt,

117 1291 253 1357 quod
307 1293 482 1361 magni
529 1291 622 1343 effe
673 1292 929 1343 momenti
958 1306 1138 1361 putem
1194 1294 1288 1344 hac.
1332 1296 1389 1345 in

112 1397 251 1452 parte
291 1384 368 1433 vel
393 1386 526 1434 vinci
558 1423 571 1444 ,
618 1386 696 1434 vei
719 1385 922 1434 vincere
952 1404 965 1446 3
999 1382 1081 1434 sed
1110 1387 1244 1454 quod
1285 1387 1388 1437 fer-

113 1496 166 1527 re
203 1495 300 1527 non
327 1479 469 1545 potui
499 1516 513 1538 ,
550 1478 812 1547 Hispanos
852 1493 1096 1547 tanquam
1123 1479 1391 1533 famelicos

114 1571 163 1620 &
189 1570 470 1637 coenipetas
491 1609 505 1630 ,
541 1580 817 1640 'nunquam
847 1573 938 1623 nisi
967 1573 1027 1622 de
1054 1574 1221 1623 alieno
1250 1573 1388 1623 satu-

112 1681 194 1714 ros
221 1702 233 1723 ,
267 1681 294 1713 a
322 1662 588 1715 Munstero
633 1665 869 1716 describi.
915 1664 1103 1735 Neque
1152 1686 1263 1719 mea
1310 1670 1390 1720 di-

117 1754 201 1804 &a
250 1772 279 1804 a
307 1753 577 1808 Munstero
606 1758 772 1825 accipi
817 1760 936 1810 volo
971 1798 984 1818 ‚
1027 1761 1183 1812 veluti
1236 1763 1391 1813 recri-

123 1846 465 1897 minationem
490 1885 502 1906 ,
554 1848 636 1898 sed
684 1852 1134 1903 admonitionem:
1167 1867 1218 1902 vt
1268 1873 1391 1904 cau-

119 1934 221 1987 tius
269 1934 470 2004 posthac
521 1938 569 1987 &
595 1940 835 1991 sincerius
875 1942 929 1990 in
975 1941 1075 1992 suis
1112 1942 1308 2010 scriptis
1339 1962 1394 1994 a·

121 2036 230 2090 gat.
281 2023 468 2075 Virum
496 2028 635 2079 enim
667 2024 784 2080 eum
808 2033 1002 2082 bonum
1046 2032 1147 2083 scio
1167 2072 1180 2093 ,
1220 2036 1269 2086 &
1298 2036 1393 2086 aii-

125 2133 231 2184 quo
258 2119 343 2169 vsu
371 2120 735 2176 familiaritatis
763 2128 893 2178 mihi
919 2130 1183 2197 cognitum
1205 2132 1386 2184 habeo,

238 2209 372 2261 NEC
428 2219 834 2280 praetereundum
878 2235 1001 2290 puto
1043 2224 1094 2273 id
1143 2226 1279 2293 quod
1305 2227 1397 2276 de«

126 2303 302 2372 inceps
355 2307 494 2358 idem
534 2311 699 2375 dicit,
753 2333 872 2367 cum
911 2337 961 2369 re
990 2336 1094 2370 non
1132 2321 1395 2375 intellecta

130 2395 414 2449 multorum
458 2402 613 2454 etiam
642 2404 698 2456 sit
724 2409 904 2476 opinio
929 2450 941 2472 ‚
968 2414 1104 2480 quod
1130 2415 1321 2467 duriter
1343 2420 1393 2469 δε

125 2487 407 2542 inciuiliter
430 2497 561 2563 apud
591 2496 850 2568 Hispanos
882 2504 1086 2557 advenae
1123 2510 1394 2578 excipian-

125 2589 214 2628 tur
241 2615 255 2637 ‚
277 2580 399 2629 adeo
422 2620 435 2640 ,
464 2596 516 2635 vt
538 2587 717 2640 itinere
745 2592 916 2642 deteffi
951 2631 964 2652 ,
995 2596 1172 2648 cibum
1205 2600 1293 2650 sibi
1317 2599 1395 2648 vi«

130 2671 292 2723 catim
328 2692 549 2744 quaerere
576 2695 841 2750 cogantur.
887 2686 991 2741 Res
1042 2690 1108 2743 sic
1148 2690 1195 2741 se
1217 2691 1389 2740 habet.

654 2774 709 2830 H
749 2791 782 2836 2,
1212 2781 1361 2836 Olim
