1931 3239
335 215 675 262 OLrsrroNIS
721 217 1093 256 DESCRIPTIO
1353 222 1427 285 29

194 328 315 384 dine
330 363 347 388 ,
378 327 430 379 &
451 323 787 378 aedificiorum
825 323 1209 393 pulchritudine
1238 362 1253 385 ,
1277 329 1326 377 δε
1367 350 1462 382 va..

197 420 371 473 rietate
398 452 413 475 ,
458 414 643 466 merito
692 413 996 468 contendere
1043 415 1206 483 poflit.
1253 415 1462 468 Domo-

196 526 309 562 rum
342 507 586 578 siquidem
617 507 839 577 amplius
877 524 1034 576 quam
1071 507 1257 577 viginti
1297 508 1465 564 millia

195 596 346 648 ineffe
371 597 580 648 constat.
624 597 915 666 Earumque
939 597 1118 667 ingens
1145 600 1424 651 multitudo
1444 640 1462 662 ,

195 703 302 742 tam
322 690 615 763 principum
640 692 888 754 virorum,
907 692 1287 762 nobiliumque,
1307 713 1467 766 quam

193 785 353 837 etiam
380 786 694 854 privatorum
734 785 1010 836 hominum
1028 822 1044 845 ,
1097 786 1354 857 eleganter
1377 828 1392 849 ,
1418 792 1471 842 ἃ·

197 879 404 950 sumptu
430 898 587 949 prope
624 879 914 930 incredibili
958 879 1242 933 construc‘la
1287 883 1354 934 est
1377 922 1392 944 ,
1415 905 1470 937 a-

196 971 293 1022 deo
320 1008 336 1030 ‚
380 985 434 1022 vt
473 972 628 1023 etiam
654 970 869 1041 parietes
908 971 1213 1025 intrinsecus
1242 1011 1258 1034 ‚
1307 973 1472 1027 forni-

199 1063 381 1131 cesque
409 1100 424 1121 ,
471 1062 613 1131 ligno
652 1061 934 1113 Sarmatico
986 1064 1210 1133 vndique
1261 1066 1423 1117 vestiti
1454 1103 1470 1126 ,

199 1156 533 1206 vermiculato
567 1174 718 1223 opere
741 1193 755 1214 ,
807 1175 928 1208 auro
962 1196 977 1217 ‚
1005 1158 1259 1227 variisque
1285 1161 1477 1210 colori-

201 1248 298 1298 bus
347 1247 589 1298 adhibitis
625 1262 954 1298 exornentur.
1002 1243 1066 1301 In
1111 1249 1261 1300 litore
1305 1251 1474 1304 fontes

204 1339 572 1410 quamplurimi
615 1357 680 1389 ex
704 1339 910 1390 diuersis
954 1341 1089 1391 vrbis
1138 1340 1365 1410 partibus
1386 1361 1475 1411 per

202 1432 386 1484 duclus
411 1431 763 1484 subterraneos
807 1433 1040 1483 oriuntur
1076 1469 1090 1491 ,
1116 1450 1143 1482 e
1169 1433 1356 1504 quibus
1382 1455 1477 1507 po-

204 1525 356 1594 pulus
382 1525 711 1593 aquationem
753 1522 900 1575 facit.
945 1523 1142 1575 Eorum
1168 1544 1329 1576 vnum
1372 1527 1478 1578 Re-

204 1621 350 1691 gium
396 1621 668 1671 nominant
703 1657 718 1678 ,
746 1619 1048 1670 marmoreis
1076 1619 1337 1670 columnis
1366 1658 1381 1679 ,
1421 1630 1479 1668 ac

205 1710 488 1763 fornicibus
520 1710 712 1762 eximie
745 1711 1091 1764 construclum
1119 1750 1135 1773 ,
1192 1710 1378 1781 sexque
1418 1711 1481 1760 fi-

207 1803 344 1854 stulis
371 1817 510 1854 tanta
530 1822 671 1872 aquae
687 1803 838 1872 copia
875 1805 1216 1873 profluentem
1238 1813 1322 1862 ,vt
1349 1818 1479 1852 vnus

212 1891 456 1942 vniuersae
489 1890 762 1942 hominum
792 1892 1113 1944 multitudini
1140 1902 1324 1958 potum
1352 1905 1483 1954 pene

211 1972 514 2050 suppeditet.
543 1981 663 2030 'Hic
690 1994 862 2031 autem
902 1981 1091 2050 saporis
1114 2015 1128 2037 ,
1174 1980 1222 2029 δε
1250 1976 1486 2045 splendo-

212 2074 281 2124 ris
303 2111 316 2131 ,
359 2072 653 2124 &lenitatis
675 2071 957 2139 praestantia
976 2110 990 2132 ,
1030 2070 1270 2122 omnium
1321 2070 1485 2120 fonti·

213 2183 304 2217 um
327 2201 343 2223 ,
382 2182 508 2233 quos
535 2161 742 2230 vsquam
786 2181 870 2214 me
895 2165 1062 2215 videre
1098 2163 1433 2215 meminerim
1462 2200 1479 2221 ,

212 2276 398 2327 aquam
440 2271 527 2309 aut
572 2269 737 2326 aequat
764 2295 781 2316 ,
827 2270 913 2309 aut
954 2255 1171 2327 superat.
1214 2257 1480 2326 Tepidam

213 2353 404 2404 etenim
455 2370 576 2404 cum
610 2349 834 2402 effu-ndat
863 2387 878 2409 ,
922 2368 1187 2420 paruoque
1244 2348 1349 2418 ipsa
1376 2349 1486 2416 post

213 2446 459 2515 temporis
487 2456 750 2497 momento
773 2442 1038 2502 resederit,
1066 2458 1178 2495 tum
1207 2443 1483 2512 purissirna,

213 2541 630 2612 frigidiffimaque
655 2540 940 2594 suauiffirne
963 2542 1177 2592 bibitur.
1207 2539 1330 2590 Duo
1358 2554 1488 2607 prae-

214 2647 350 2690 terea
375 2635 538 2689 fontes
564 2635 695 2688 haud
733 2636 804 2687 ita
829 2634 1008 2703 procul
1044 2644 1310 2702 emergunt
1360 2646 1473 2678 mst-

753 2727 809 2780 D
847 2743 879 2779 2
1354 2737 1438 2771 m-
