1931 3239
503 227 1020 263 ‚HISPANIA
1310 234 1409 274 101

179 331 466 389 testimonia
494 330 555 381 de
576 337 837 400 opulentia
865 330 1128 399 Hispaniae
1152 365 1190 387 ‚‚
1213 372 1225 384 .
1265 335 1457 388 Vlteri-

186 445 247 477 us
275 428 375 476 ait:
408 431 443 452 “
474 421 648 477 Multa
670 429 1025 479 adnotabimus
1048 462 1061 484 ‚
1080 443 1190 494 quae
1209 424 1307 475 fide
1333 428 1465 477 cari-

184 535 295 571 tura
331 518 476 578 sunt,
531 534 582 573 vt
607 525 788 593 opinor
812 564 825 585 ,
856 522 1135 594 praesertim
1171 522 1306 591 apud
1331 540 1420 573 eos
1441 559 1456 581 ,

181 614 272 680 qui
317 614 492 664 omnia
518 652 531 674 ‚
577 616 624 666 &
651 620 904 685 praeterita
929 654 943 675 ‚
995 617 1044 667 &
1068 616 1235 666 futura
1267 653 1281 676 ‚
1334 631 1465 685 prae-

183 703 345 756 sentis
393 709 638 778 temporis
687 710 909 759 modulis
934 707 1215 759 metiuntur
1245 744 1257 765 ‚
1288 707 1388 758 ἃς.
1427 744 1463 766 ,,

193 796 409 849 Infinita
455 800 594 851 enim
653 801 804 860 sunt,
844 820 956 869 quae
1006 799 1089 850 hie
1127 801 1188 850 de
1230 799 1468 849 laudibus

186 890 451 960 Hispaniae
497 894 709 945 scribere
748 894 1016 964 potuiisem
1041 932 1054 953 ,
1085 893 1177 943 nisi
1222 894 1466 944 timerem

191 987 371 1038 Ιεᾶοῐί
399 989 661 1040 molestam
703 990 811 1041 fore
831 991 1068 1041 leEtionis
1091 988 1464 1059 prolixitatem.

191 1074 353 1143 Qod
383 1077 534 1147 fiquis
585 1081 734 1130 latius
764 1081 1047 1148 intelligere
1084 1078 1337 1145 cupiuerit
1357 1114 1369 1135 ‚
1399 1076 1473 1126 le-

202 1180 287 1235 gat
315 1168 364 1218 id
393 1171 527 1236 quod
555 1170 872 1221 Poffidouius
904 1209 916 1230 ‚
948 1170 1194 1237 Polybius
1215 1207 1228 1228 ‚
1259 1168 1466 1227 Strabo,

202 1259 426 1313 Iustinus
456 1300 469 1320 ,
500 1260 702 1312 Solinus
733 1300 745 1321 ,
774 1276 979 1330 vterque
1000 1261 1227 1320 Plinius,
1252 1261 1311 1311 P.
1349 1260 1475 1310 Vel-

198 1355 329 1406 leius
375 1354 669 1406 Paterculus
703 1393 715 1414 ‚
767 1355 1010 1425 Vegetius
1032 1394 1044 1414 ,
1071 1355 1252 1406 Florus
1278 1393 1291 1413 ,
1320 1354 1477 1405 Pom-

206 1448 394 1516 ponius
440 1446 615 1504 Mela,
647 1447 930 1523 Stephanus
978 1452 1038 1499 de
1064 1448 1270 1499 vrbibus
1301 1485 1312 1504 ,
1355 1447 1478 1498 Phi-

199 1539 434 1591 lostratus
459 1579 473 1600 ,
495 1541 759 1592 Diodorus
788 1541 988 1592 Siculus
1008 1580 1020 1599 ‚
1052 1540 1344 1591 Martianus
1372 1535 1479 1588 Ca-

204 1632 341 1700 pella
375 1669 389 1692 ,
416 1630 611 1684 Caelius
645 1634 706 1683 de
735 1612 1124 1702 antiquitatibus
1156 1671 1168 1691 ,
1198 1646 1349 1699 atque
1375 1628 1478 1679 Eu-

201 1730 342 1780 daeus
385 1726 617 1778 testatum
694 1729 756 1778 de
817 1727 1072 1796 Hispania
1130 1725 1442 1793 reliquerunt
1462 1760 1476 1782 ,

202 1819 336 1886 apud
379 1835 507 1884 quos
571 1818 621 1868 &
667 1818 797 1868 alios
843 1817 1117 1867 nonnullos
1152 1815 1276 1865 tales
1328 1811 1481 1880 ipsius

203 1907 469 1978 Hispaniae
512 1905 686 1957 laudes
713 1908 929 1976 reperiet
960 1945 973 1966 ,
1022 1921 1074 1956 vt
1104 1905 1254 1955 facile
1281 1902 1479 1952 iudica-

204 2010 348 2048 turus
375 1995 433 2046 fit
460 2034 473 2054 ,
518 2016 610 2048 nos
633 2000 693 2049 de
728 2002 821 2050 hac
856 2019 907 2051 re
929 2001 1073 2068 plura
1097 2013 1314 2064 veraque
1342 1994 1482 2044 dice-

206 2108 260 2141 re
286 2088 494 2157 potuiffe
525 2109 536 2138 ε
582 2091 785 2156 quod&
830 2091 1117 2142 feciffemus
1147 2128 1161 2149 ,
1206 2086 1297 2138 nisi
1334 2087 1481 2137 obie-

209 2185 408 2235 &tiones
441 2184 589 2235 nimii
633 2186 686 2235 in
710 2186 871 2253 patria
921 2184 1112 2234 amoris
1162 2179 1480 2233 amaleuolis

210 2278 262 2334 ἃ
288 2277 478 2329 infestis
504 2277 800 2332 hominibus
847 2278 1205 2329 timuissemus.

1297 2715 1343 2769 A
1344 2715 1457 2766 dve-
