1931 3239
280 252 356 293 m:
392 248 582 291 num
614 245 948 285 cAMnA1co
977 245 1105 284 sac.
1256 248 1364 304 3²¹⁷

108 356 216 412 fita.
271 360 475 426 Qibus
523 355 610 405 vix
637 392 650 413 ,
701 351 1042 404 dilucescente
1093 352 1397 420 crepusculo

104 447 374 504 matutino,
396 445 544 514 p¹1ene
563 442 809 512 cognitis,
840 440 1112 491 confestim
1141 439 1305 491 hostes
1331 438 1397 489 ad

103 554 262 591 turres
288 536 548 588 Divorum
577 535 804 587 Thomae
831 573 842 592 ‚
895 534 1176 604 Iacobique
1197 573 1213 595 ,
1257 535 1305 585 &
1331 536 1395 584 ad

103 651 311 684 murum
340 630 520 682 iisdem
557 629 779 680 turribus
807 627 1134 680 interiectum
1162 667 1176 687 ,
1204 627 1398 679 effufis-

107 726 230 779 sxma
256 725 520 796 glandium
550 721 856 774 iaculatione
878 722 1215 773 contendunt.
1244 721 1392 773 Mas-

102 837 343 889 caregnas
369 830 540 868 autem
577 853 588 871 ,
616 833 774 884 quum
804 811 1043 882 quorsum
1087 813 1123 864 ii
1153 816 1391 867 animum

100 908 482 979 applicuissent,
501 904 945 963 animadvertisset,
969 923 1052 955 eas
1081 918 1261 965 turra,
1287 926 1388 957 vna

103 1005 152 1054 &
182 1020 390 1053 murum
415 1039 429 1061 ‚
458 1001 761 1052 intrinsecus
789 1003 1060 1070 aggeribus
1088 1001 1269 1051 validis
1299 1003 1397 1051 ob-

102 1094 270 1146 vestiri
295 1108 440 1144 curat
470 1131 482 1152 ,
508 1095 736 1161 turrique
767 1094 894 1144 Divi
917 1095 1149 1145 Thomae
1182 1132 1194 1152 ,
1237 1112 1398 1162 quam

104 1186 441 1236 cuniculatim
463 1184 806 1253 suspicabatur
823 1185 1012 1235 hostem
1031 1198 1254 1235 euertere
1272 1203 1399 1235 con-

97 1281 301 1334 stituiffe
319 1319 331 1339 ‚
359 1278 649 1331 transuersis
676 1278 929 1329 cuniculis
952 1318 964 1338 ,
1008 1278 1295 1328 incredibili
1321 1279 1398 1328 la-

108 1374 231 1422 bore
259 1369 598 1438 industriaque
639 1367 884 1419 succurrit
911 1406 923 1427 ,
967 1386 1022 1419 ac
1051 1387 1111 1418 ex
1138 1367 1242 1437 ipsa
1270 1368 1397 1420 turri

106 1464 328 1516 hostium
353 1462 623 1514 testudines
659 1462 871 1513 bafilisci
915 1462 1180 1531 leonisque
1206 1461 1398 1513 ictibus

98 1554 350 1623 impetere
394 1551 543 1603 iuffit.
587 1552 720 1622 Qae
793 1570 869 1602 res
915 1550 1177 1602 summum
1233 1552 1398 1601 detri-

99 1656 334 1696 mentum
364 1642 656 1694 adversariis
690 1644 885 1695 intulit.
933 1643 1286 1693 Veruntamen
1335 1639 1398 1690 ad

99 1737 327 1806 quinque
376 1738 575 1790 dierum
627 1738 845 1809 spatium
879 1778 891 1800 ,
944 1739 1250 1791 iaculatione
1302 1737 1398 1784 ho-

100 1831 256 1884 stiurn
285 1831 532 1883 continua
555 1870 568 1891 ‚
607 1833 932 1900 telorumque
960 1833 1236 1882 affiduitate
1266 1847 1396 1878 con-

111 1924 243 1975 cuffa
269 1923 422 1973 turris
446 1922 707 1974 Thomaea
728 1961 741 1982 ,
770 1924 975 1973 tandem
1004 1922 1213 1973 finditur
1233 1959 1245 1979 ‚
1276 1921 1395 1987 pin-

99 2036 278 2086 naeque
306 2015 555 2067 Iacobaeae
572 2015 732 2065 ferme
761 2033 940 2066 omnes
975 2015 1242 2066 mutilatae.
1275 2013 1393 2064 Ne-

101 2124 200 2174 que
248 2104 299 2156 id
340 2116 512 2154 tamen
567 2103 670 2154 fine
732 2104 951 2155 hostiurn
999 2105 1185 2174 exigua
1231 2121 1388 2155 noxa.

97 2198 245 2250 Nam
274 2195 362 2264 qui
391 2194 516 2246 turri
572 2194 646 2246 D.
679 2194 909 2246 Thomae
959 2211 1206 2264 praeerant
1230 2234 1243 2256 ,
1296 2197 1393 2246 ho·-

98 2287 253 2339 stium
303 2289 503 2340 duobus
530 2287 774 2338 bafiliscis
820 2289 1098 2339 deturbatis
1129 2328 1143 2349 ,
1183 2290 1394 2342 tertium

104 2383 158 2435 in
182 2397 351 2453 partes
380 2383 642 2452 frangunt.
673 2383 792 2434 Nec
820 2384 869 2433 id
889 2383 1055 2434 rursus
1082 2383 1268 2452 absque
1295 2401 1391 2433 no-

103 2473 317 2525 strorum
348 2475 577 2543 periculo
599 2473 792 2525 fafium
822 2513 835 2534 ‚
865 2493 1043 2544 quum,
1067 2475 1208 2525 nullo
1235 2475 1392 2524 inter-

100 2566 248 2616 miffo
293 2579 522 2635 tempore
548 2602 562 2623 ,
611 2564 664 2614 in
708 2564 866 2634 ipsam
896 2567 1079 2616 turrim
1106 2577 1248 2638 tanta
1275 2563 1390 2632 glo-

98 2659 282 2712 borum
310 2659 460 2729 copia
483 2660 839 2726 deuoluere-tur
861 2697 875 2720 ‚
913 2676 967 2713 vt
993 2679 1058 2711 ex
1085 2660 1146 2710 iis
1174 2657 1259 2725 qui
1289 2656 1392 2706 stu-

1220 2765 1350 2819 pam
