1931 3239
334 239 672 281 eusu’oms
720 239 1088 277 DESCRIPTIO
1298 251 1362 304 23

136 369 245 403 rem
274 345 433 399 litoris
472 357 708 409 partem,
759 364 871 413 que
927 344 1125 397 occasui
1170 345 1397 416 subjec‘ia

140 440 207 492 est
232 476 248 498 ,
272 441 325 488 in
351 454 489 486 mare
513 435 835 504 progreditur
864 436 1024 487 Lunae
1052 435 1400 504 promontori-

138 549 244 588 um,
270 546 299 578 a
322 545 424 596 quo
450 529 642 599 ingenti
670 527 804 580 flexu
831 565 846 588 ,
871 543 1097 580 veterum
1124 527 1394 579 Turdulo·

134 640 249 674 rum
275 623 401 674 fines
445 622 760 674 exoriuntur.
807 622 964 691 Qod
1009 622 1128 673 litus
1171 622 1225 672 in
1266 622 1397 672 hanc

134 713 288 784 Vsque
334 728 536 765 aetatern
570 750 585 772 ,
637 733 666 764 a
703 713 881 765 nostris
911 751 925 774 ,
972 726 1114 765 vetus
1158 713 1398 782 appellari

136 806 421 859 consueuit.
453 806 676 858 Interius
704 826 807 859 non
825 825 1019 875 magno
1039 805 1217 856 deinde
1242 805 1402 855 inter-

135 901 266 951 vallo
294 939 308 960 ,
330 903 382 951 in
408 902 604 952 extimo
632 897 997 970 Oiisipunensis
1047 899 1181 949 smus
1222 896 1347 947 ost'o
1380 936 1397 958 ,

138 991 316 1046 fanum
346 994 548 1063 Virgini
577 993 771 1052 Matri,
803 1012 954 1063 quam
980 992 1283 1043 Ductricem
1311 1008 1403 1057 ap-

139 1088 329 1158 pellant
347 1124 361 1146 ,
387 1088 614 1139 dicatum
648 1089 701 1138 in
727 1087 947 1157 scopulis
974 1085 1241 1154 inspicitur
1270 1123 1283 1144 ,
1304 1084 1391 1136 vbi

140 1179 404 1230 noeturnis
429 1178 626 1228 facibus
657 1180 874 1228 accenfis
902 1175 1258 1244 navigantibus
1304 1176 1399 1226 iter

145 1271 300 1322 no&u
339 1269 746 1341 praemonstratur
773 1307 788 1329 ,
849 1288 910 1318 ne
953 1268 1186 1318 locorum
1234 1265 1407 1334 ignari

143 1363 206 1413 ad
229 1363 355 1413 vada
384 1401 396 1422 ,
423 1361 751 1432 scopulosque
777 1361 974 1411 vicinos
1006 1397 1018 1418 ,
1048 1375 1199 1408 naves
1228 1356 1406 1406 allide-

146 1473 198 1505 re
249 1469 511 1527 cogantur.
559 1455 809 1508 Interiora
855 1452 1041 1522 legenti
1070 1489 1082 1510 ‚
1112 1449 1407 1519 aquilonem

145 1544 310 1595 versus
329 1583 344 1604 ,
390 1547 636 1616 oppidum
693 1547 906 1620 Cascalle
955 1546 1104 1597 fitum
1139 1546 1206 1597 est
1240 1585 1255 1607 ‚
1306 1566 1408 1615 quo

143 1651 293 1684 naves
314 1636 555 1687 onerariae
595 1638 647 1687 in
674 1635 910 1688 anchoris
932 1635 1253 1687 consistentes
1283 1673 1297 1694 ,
1326 1653 1411 1686 ac-

144 1726 351 1776 cedente
376 1727 531 1778 maris
556 1727 671 1779 aes'tu
712 1746 888 1780 auram
926 1727 1224 1799 operiuntur
1249 1763 1262 1783 ,
1293 1743 1414 1793 por-

148 1827 200 1863 tu
226 1815 409 1866 vadoso
455 1817 648 1885 alioqui
678 1856 693 1877 ,
734 1820 783 1870 δε
810 1816 1150 1870 ειηῖῐειᾶὶυοῑο.
1196 1815 1416 1868 Modico

167 1905 286 1954 inde
311 1905 581 1965 interuallo
612 1946 626 1967 ‚
656 1910 862 1960 aduerso
893 1910 1048 1959 etiam
1073 1908 1286 1958 flumine
1320 1946 1332 1966 ‚
1357 1908 1418 1958 si-

148 2015 245 2050 nus
294 1997 345 2047 in
388 1997 549 2047 cubiti
591 1998 812 2051 formam
855 2000 1070 2050 efficitur
1103 2038 1116 2059 ,
1164 1999 1217 2049 in
1269 1999 1416 2050 cuius

152 2087 318 2139 fronte
335 2085 571 2138 sacellum
599 2089 665 2140 est
696 2090 819 2142 Divi
845 2089 1033 2141 Iuiiani
1063 2128 1075 2148 ,
1103 2090 1247 2159 supra
1280 2092 1421 2157 quod

167 2180 304 2230 aliud
334 2179 483 2232 Divae
507 2178 799 2235 Catharinae
825 2183 1042 2234 sacrum.
1072 2183 1219 2235 Tum
1247 2185 1425 2234 eodem

152 2270 307 2322 latere
349 2272 559 2339 obliqua
603 2274 713 2341 ripa
736 2311 749 2332 ,
795 2274 1005 2345 propius
1033 2277 1093 2324 ad
1123 2277 1301 2326 vrbem
1338 2292 1423 2324 ac-

153 2367 389 2425 cedenti,
410 2366 697 2420 Betheleem
719 2370 1021 2438 oppidulum
1048 2408 1061 2430 ‚
1087 2372 1134 2421 δε
1163 2371 1234 2421 ibi
1289 2385 1424 2420 tem-

155 2461 301 2531 plum
327 2461 503 2531 ingens
533 2462 680 2514 Divae
703 2461 907 2532 Virgini
935 2465 1160 2514 dicatum
1185 2478 1283 2510 vna
1308 2478 1429 2512 cum

144 2554 389 2604 vcaenobio
432 2555 799 2606 monachorum
824 2593 836 2611 .
874 2554 961 2621 qui
1008 2553 1110 2603 divi
1142 2549 1417 2619 Hierony-

148 2640 228 2690 mi
270 2641 385 2694 vitae
408 2642 692 2695 institutum
712 2641 910 2711 profesti
944 2640 1056 2692 sunt
1079 2679 1093 2700 ,
1125 2640 1223 2691 sese
1248 2640 1392 2689 offert
1413 2677 1427 2699 ,

1234 2746 1399 2778 lssCI‘C·
