1931 3239
334 266 409 304 DE
442 260 633 299 BELLO
662 259 998 296 cAMBAICO
1029 263 1152 300 SEC.
1307 268 1400 322 351

120 371 225 425 sola
254 386 353 422 nox
381 367 615 438 praelium
646 365 917 418 dirimerit.
952 364 1073 433 Qa
1100 369 1250 420 noc‘te
1281 410 1293 430 ‚
1321 372 1409 425 etfi

117 465 285 533 plures
311 459 371 510 de
398 457 577 509 nostris
606 458 705 508 iam
733 459 1081 508 occubuerant
1115 493 1127 515 ,
1181 465 1410 527 permul-

116 555 155 604 ti
184 552 336 602 saucii
368 590 383 612 ,
420 553 663 602 omnibus
691 569 809 603 vero
833 553 882 602 &
904 551 1194 622 defatigatis
1230 589 1243 609 ‚
1273 552 1321 601 &
1349 554 1410 602 de

112 657 326 710 accepto
374 640 658 693 infortunio
708 642 1048 691 moerentibus
1080 679 1093 700 ,
1145 639 1411 691 Mascare-

112 755 236 807 gnas
272 751 444 787 tamen
471 774 486 796 ,
530 736 758 786 virorum
789 735 1170 805 mulierumque
1213 754 1366 804 opera
1396 774 1409 795 ,

112 845 320 880 murum
342 827 643 898 subitarium
670 827 928 877 sexdecim
964 827 1257 895 palmorum
1279 825 1412 876 cras-

110 921 326 973 fitudine
361 957 375 978 ,
428 920 481 971 in
502 914 686 971 veteris
725 919 876 969 turris
924 921 1084 971 ruinis
1134 937 1198 971 ex
1247 919 1412 971 soluto

111 1011 281 1079 lapide
308 1009 611 1069 construxit,
655 1026 809 1078 quem
838 1046 851 1068 ‚
872 1008 1161 1060 absolutum
1191 1023 1307 1060 ante
1332 1009 1411 1059 so-

110 1104 176 1154 lis
205 1116 374 1154 ortum
402 1141 416 1163 ,
453 1102 679 1153 hostibus
707 1102 1136 1171 conspiciendum
1176 1124 1282 1156 non
1309 1105 1412 1156 fine

111 1214 299 1266 magna
325 1195 667 1247 admiratione
696 1196 908 1247 obiecit.
944 1197 1031 1248 Illi
1059 1212 1238 1250 contra
1267 1239 1281 1260 ‚
1309 1200 1412 1250 alio

110 1288 282 1339 erecto
325 1306 478 1338 muro
508 1325 522 1347 ‚
567 1287 886 1340 Thomaeam
940 1291 1125 1341 turrim
1171 1293 1412 1360 deinceps

111 1379 366 1432 cuniculis
403 1418 418 1442 ,
467 1381 671 1448 quando
723 1399 780 1430 ea
807 1398 884 1431 res
919 1381 1046 1432 bene
1075 1382 1367 1434 succefferat
1395 1424 1409 1444 ,

111 1471 327 1521 deiicere
365 1471 705 1524 contendunt.
749 1470 846 1520 Sed
897 1489 1057 1539 quum
1095 1472 1246 1523 nostri
1294 1474 1409 1526 aliis

112 1559 332 1612 obiectis
361 1560 614 1611 cuniculis
644 1597 659 1619 ‚
700 1559 906 1610 illorum
960 1562 1226 1613 conatibus
1263 1564 1414 1614 obui-

107 1671 193 1704 am
222 1653 384 1703 iiffent
417 1690 433 1712 ,
469 1672 521 1702 re
549 1651 810 1704 intellecta
837 1691 852 1712 ,
906 1652 960 1704 in
987 1654 1205 1705 alterum
1255 1657 1410 1708 turris

108 1743 241 1798 latus
285 1745 333 1797 se
358 1746 650 1798 transtulere
681 1785 696 1807 ,
723 1767 827 1817 quo
853 1748 1006 1799 nostri
1035 1750 1263 1801 cuniculi
1291 1771 1409 1821 per-

110 1839 309 1908 tingere
337 1857 443 1890 non
470 1854 706 1907 poterant
736 1879 749 1901 ,
777 1843 826 1893 &
854 1841 1052 1892 suffoffo
1080 1843 1232 1893 turris
1259 1841 1406 1892 fron—

109 1932 316 2002 tispicio
346 1971 360 1992 ,
388 1946 643 2001 quatenus
668 1952 697 1984 a
722 1934 902 1984 nostris
929 1934 1197 2002 praepediri
1225 1934 1409 2003 nequi-

108 2028 232 2078 bant
265 2065 279 2087 ,
305 2026 479 2096 ignem
508 2027 650 2096 operi
678 2028 910 2078 nondum
966 2026 1195 2095 perfecto
1245 2045 1407 2096 appo-

108 2118 334 2170 suerunt.
378 2119 501 2188 Qio
528 2121 769 2172 incendio
795 2133 1028 2190 quartam
1058 2121 1219 2172 ferme
1255 2121 1408 2172 turris

107 2227 303 2283 partem
332 2229 623 2266 euerterunt
651 2254 666 2276 ,
720 2234 778 2266 ac
807 2216 1040 2285 protinus
1085 2216 1140 2266 in
1179 2216 1408 2266 dirutum

108 2307 286 2359 locum
317 2309 607 2360 inuolantes
634 2347 647 2366 ‚
680 2311 741 2360 de
769 2309 1112 2380 superioribus
1139 2310 1317 2360 rudera
1347 2309 1409 2359 ad

106 2399 160 2450 se
187 2401 362 2453 ferreis
389 2403 556 2453 hamis
583 2403 904 2454 attrahebant
933 2441 947 2462 ‚
991 2402 1176 2471 quibus
1225 2400 1408 2453 senfim

106 2492 443 2547 defluentibus
471 2535 485 2557 ,
531 2496 785 2566 angustior
826 2496 992 2548 multo
1020 2497 1173 2547 fiebat
1218 2496 1362 2546 locus
1390 2532 1406 2552 ,

109 2603 267 2655 quem
295 2589 448 2640 nostri
471 2589 683 2660 superne
711 2591 876 2642 adhuc
903 2592 1214 2641 retinebant.
1248 2579 1408 2652 Qod

111 2698 274 2749 quum
318 2701 347 2734 a
393 2681 738 2755 Mascaregna
785 2683 1196 2736 animaduersum
1249 2677 1364 2727 esset
1391 2710 1406 2733 5

1215 2771 1364 2822 bom-
