1931 3239
184 225 574 265 DEPLORATIO
606 230 936 270 LAPPIANAE
970 233 1212 279 GENTIS.
1294 246 1396 304 293

125 331 300 398 popuii
349 331 622 384 irascantur
648 373 661 393 ,
709 336 974 390 Dominus
1038 341 1208 395 sedens
1261 348 1405 417 super

127 417 406 471 Cherubim
436 408 628 491 regnet,
657 427 853 479 &terra
882 447 1173 492 moveatur,
1203 438 1406 506 ipsaque

123 507 333 565 exultet,
359 509 408 559 δε
437 509 610 562 insulae
639 514 811 566 multae
842 519 1092 572 laetentur.
1130 523 1255 596 Vale
1270 526 1407 576 Pon-

121 599 247 650 tifex
279 601 517 656 Maxime
563 607 614 657 in
644 609 846 664 Christo
880 613 1046 677 IESV‚
1088 620 1279 674 Amen.
1327 626 1408 678 Ex

120 693 392 748 Lovannio
422 697 540 751 Cal.
574 702 712 773 Sept.
746 707 902 758 Anno
932 708 1302 769 MDXXXX.

497 864 701 937 Lappiae
738 871 1013 944 descriptio.

268 1013 364 1066 ΑΡ
386 1033 415 1067 Ρ
439 1036 458 1069 1
484 1036 519 1070 A
583 1024 708 1074 mari
762 1023 990 1080 Botnico
1040 1030 1308 1083 interie&o
1352 1029 1403 1080 in

263 1107 606 1173 orientalem,
625 1117 673 1167 ἃ
703 1115 1095 1173 Occidentalem
1123 1127 1398 1187 dividitur,

135 1201 288 1250 cuius
321 1207 538 1271 aequoris
590 1223 874 1263 extremum
901 1253 911 1272 ,
958 1216 1162 1270 Tornia
1187 1221 1273 1271 est.
1322 1220 1407 1271 Ab

118 1291 312 1342 oriente
352 1292 519 1347 lacum
570 1300 742 1352 album
763 1307 961 1375 tangit,
1018 1311 1077 1360 ad
1105 1311 1405 1381 septentrio—

119 1406 239 1439 nem
269 1393 427 1444 varias
454 1399 741 1464 provincias
767 1406 1082 1474 ample&ens
1104 1446 1116 1467 ,
1165 1410 1225 1458 ad
1260 1411 1404 1460 inco-

118 1478 325 1548 gnitum
358 1483 407 1535 se
457 1492 705 1544 extendit.
751 1494 833 1545 Ad
879 1499 1197 1550 occidentem
1240 1500 1404 1552 Islan-

118 1568 254 1624 diam
284 1576 554 1648 respiciens
579 1623 592 1643 ,
634 1590 761 1655 parti
809 1591 1090 1662 Noruegiae
1141 1593 1207 1644 est
1236 1594 1405 1644 conti-

115 1681 234 1732 gua·
269 1669 351 1728 Ad
380 1678 645 1731 meridiem
669 1722 682 1742 ,
713 1687 774 1735 ab
801 1687 956 1738 altera
977 1689 1261 1759 Noruegiae
1288 1708 1404 1757 par-

116 1768 167 1806 te
190 1796 203 1816 ‚
231 1758 397 1814 Suetia
421 1805 433 1825 ‚
477 1768 748 1828 Finlandia
767 1817 781 1838 ,
805 1799 862 1830 ac
890 1782 952 1831 ab
979 1795 1187 1850 Vtraque
1219 1780 1405 1833 BOtnia

118 1850 362 1920 cingitur.
406 1858 606 1933 Lappia
644 1870 782 1921 enim
829 1875 1092 1925 orientalis
1122 1874 1403 1925 Ecclefiam

119 1942 196 1995 D.
227 1946 444 2004 Andreae
492 1959 542 2007 in
572 1964 726 2028 gradu
765 1967 1064 2019 elevationis
1107 1967 1214 2038 poli
1256 1968 1403 2018 οὲὶο-

116 2041 308 2108 gefimo
328 2063 509 2115 quarto
539 2054 688 2108 habet
709 2097 721 2118 ‚
750 2079 861 2129 quae
887 2065 1162 2135 magnifico
1187 2068 1236 2118 δι’
1264 2067 1402 2117 sum-

116 2135 296 2201 ptuoso
323 2143 546 2210 templo,
594 2165 650 2197 ac
693 2151 858 2205 doc‘tis
885 2157 931 2207 ἀ
960 2156 1214 2209 sacrarum
1253 2157 1392 2207 litte-

116 2244 287 2280 rarum
337 2236 546 2288 eruditis
597 2241 718 2293 viris
754 2263 982 2301 ornatur.
1042 2251 1265 2302 Ecclesia
1292 2251 1400 2301 haec

117 2317 522 2396 Archiepiscopo
563 2331 843 2401 Vpsalienfi
891 2344 1061 2395 obedit
1080 2384 1093 2404 ,
1121 2346 1171 2396 &
1198 2346 1400 2395 obtem-

116 2429 259 2482 perat
289 2457 302 2475 ,
331 2418 418 2473 sub
444 2426 588 2478 cuius
621 2429 842 2485 Dioecefi
872 2436 958 2487 fita
981 2437 1066 2490 est.
1104 2439 1400 2491 Nihilomi-

115 2521 212 2554 nus
238 2507 345 2558 eius
371 2512 760 2580 circumvicini,
788 2522 885 2575 siue
904 2525 1119 2588 incuria,
1147 2527 1246 2580 flue
1277 2544 1397 2579 aua-

115 2598 592 2665 ritiaPraelatorum
619 2652 634 2675 ‚
673 2617 722 2671 &
747 2606 1059 2693 Magnatum
1089 2627 1174 2696 (vt
1199 2626 1399 2676 dicium

116 2722 204 2745 .,,
1284 2713 1385 2783 est)
