1965 3223
520 247 624 302 350
881 244 1167 286 DAMIANI
1213 245 1250 284 A
1302 246 1441 285 cors

486 374 595 408 rem
628 393 640 413 ,
670 352 959 425 Aegydium
989 358 1259 410 Corinium
1287 396 1300 417 ‚
1331 359 1626 410 Diodocum
1649 357 1775 409 Rei-

487 448 674 499 nosum
707 445 1083 501 Sotomaiorem
1114 489 1128 511 ,
1182 450 1432 501 Aluarum
1464 448 1776 517 Ferreriam,

484 542 801 594 Rodericum
871 543 1041 594 Sosam
1071 581 1084 602 ,
1134 543 1472 594 Laurentium
1526 542 1728 597 Fariam
1758 586 1774 608 ‚

486 629 739 682 Ioannem
791 632 1119 683 Brandanum
1151 671 1163 692 ‚
1217 632 1504 702 Georgium
1573 633 1776 685 Almei-

483 721 604 770 dam
634 760 648 781 ,
679 722 978 774 Tristanum
1008 723 1179 774 Sosam
1203 760 1217 781 ,
1254 722 1582 774 Franciscum
1611 725 1774 794 Lupi-

486 827 576 863 um
605 850 620 872 ,
666 813 1079 882 Gratianumque
1109 814 1426 865 Ferracium.

664 903 753 955 AT
782 906 1141 973 Mascaregnas
1170 907 1186 972 ζ
1210 907 1296 972 qui
1323 943 1336 963 ,
1377 918 1428 955 vt
1469 907 1778 958 demonstra-

488 1011 601 1048 tum
626 996 693 1045 est
721 1034 734 1054 ,
765 997 910 1045 iuxta
956 995 1229 1046 Thomaeae
1269 996 1422 1045 turris
1449 998 1640 1049 radices
1668 1001 1776 1049 assi-

486 1081 679 1149 debat)
725 1102 884 1152 quum
916 1083 1215 1135 incendium
1244 1124 1258 1145 ,
1302 1088 1506 1138 ruinam
1533 1124 1547 1145 ,
1595 1088 1642 1136 &
1689 1103 1778 1135 oc-

486 1178 662 1229 casum
688 1179 839 1229 turris
868 1178 942 1229 D.
961 1170 1191 1229 ¹Ioannis
1219 1194 1488 1231 momento
1529 1180 1776 1249 temporis

485 1268 819 1338 conspexisset
848 1310 862 1330 ,
891 1271 1091 1322 summa
1133 1272 1394 1323 celeritate
1424 1310 1438 1331 ‚
1481 1273 1777 1341 quindecim

485 1362 742 1414 militibus
787 1363 1063 1414 comitatus
1093 1400 1108 1422 ,
1152 1382 1214 1414 eo
1265 1362 1313 1413 se
1339 1364 1608 1434 proripuit.
1654 1363 1777 1431 Qlo

487 1471 652 1524 quum
692 1469 904 1505 ventum
954 1454 1070 1506 effet
1101 1491 1114 1514 ,
1159 1473 1222 1505 ne
1265 1454 1531 1524 vestigium
1573 1457 1779 1524 quidem

486 1543 671 1595 veteris
692 1543 829 1594 illius
849 1543 1027 1595 formae
1056 1544 1426 1612 deprehendere
1452 1546 1639 1613 potuit.
1671 1545 1777 1596 Ni-

488 1636 565 1687 hil
592 1636 662 1686 ibi
695 1637 749 1686 in
790 1637 954 1686 oculis
985 1673 999 1695 ,
1045 1636 1176 1686 nihil
1227 1636 1314 1685 sub
1344 1638 1593 1706 conpeetu
1626 1674 1641 1694 ‚
1687 1637 1776 1686 nisi

487 1724 743 1793 parietum
771 1725 948 1774 rudera
983 1723 1273 1792 lapidesque
1308 1724 1607 1794 permixtim
1659 1724 1777 1792 pul-

489 1835 610 1868 uere
637 1815 979 1883 membrisque
1005 1816 1253 1866 mutilatis
1282 1855 1296 1877 ‚
1332 1835 1389 1867 ac
1419 1816 1660 1884 sanguine
1682 1814 1776 1863 hu-

489 1924 647 1960 mano
671 1905 843 1957 tineti.
890 1904 1034 1955 Inter
1059 1922 1170 1973 quae
1216 1904 1505 1975 promiscue
1532 1899 1779 1953 nonnulla

489 2017 702 2068 corpora
745 1998 908 2049 adhuc
957 1998 1247 2049 exhalantia
1277 2035 1293 2057 ‚
1349 1998 1398 2058 ἃ
1452 2013 1572 2055 curn
1613 2004 1780 2043 morte

489 2091 838 2149 confinitantia
865 2128 880 2151 ,
914 2109 1018 2144 non
1043 2089 1229 2159 absque
1274 2105 1499 2141 moerore
1524 2087 1573 2136 &
1599 2084 1776 2134 horro-

487 2207 541 2240 re
593 2187 906 2238 intuentium
956 2187 1421 2259 conspiciebantur.
1466 2184 1599 2253 Quae
1654 2183 1779 2232 dum

486 2277 657 2330 subito
684 2278 800 2327 inde
827 2279 1051 2330 eximere
1093 2279 1244 2330 nostri
1272 2279 1502 2347 satagunt
1531 2312 1545 2333 ‚
1586 2286 1637 2324 vt
1686 2288 1779 2341 pro

489 2369 588 2422 ritu
636 2364 926 2417 Christiano
979 2368 1309 2435 sepelirentur
1340 2407 1352 2427 ‚
1431 2378 1637 2436 repente
1687 2363 1781 2413 ho-

490 2454 584 2507 stes
612 2473 700 2523 per
727 2455 944 2507 eundem
970 2456 1137 2521 ipsum
1188 2458 1558 2508 labefa&atum
1605 2456 1782 2506 locum

492 2546 871 2615 impressionem
920 2545 1138 2595 faciunt.
1187 2546 1272 2596 De
1321 2565 1422 2615 quo
1473 2559 1579 2595 tam
1628 2543 1779 2592 vehe-

497 2652 698 2694 menter
734 2640 968 2710 vtrinque
995 2637 1231 2690 corninus
1259 2651 1540 2708 pugnatum
1567 2635 1634 2686 est
1663 2671 1676 2692 ,
1726 2642 1780 2691 vt

1637 2725 1736 2781 sola
