1965 3223
535 205 639 276 346
857 222 1136 258 DAMIANI
1167 223 1206 258 A
1238 221 1385 258 Gor-:s

496 345 667 379 arcem
695 327 923 378 funditus
949 343 1170 380 euertere
1195 331 1491 382 statuerunt.
1525 326 1618 377 Sed
1644 325 1782 379 sum·

495 440 581 472 ma
628 422 677 471 &
720 421 794 471 vis
833 421 1028 471 consilii
1070 423 1122 472 in
1163 424 1257 473 hoc
1309 433 1411 472 erat
1443 460 1457 480 ,
1497 439 1559 471 ne
1589 417 1787 479 nostri,

493 515 615 582 quid
642 517 704 566 ab
726 514 839 584 ipsis
878 529 1106 584 ageretur
1130 552 1142 573 ‚
1165 513 1596 583 persentiscerent.
1645 514 1781 582 Ergo

491 608 543 656 in
581 605 892 657 Thomaeam
914 605 1095 655 turrim
1127 642 1138 662 ,
1167 605 1216 654 &
1242 604 1293 653 in
1321 604 1533 654 alteram
1579 601 1655 653 D.
1690 602 1780 652 lo-

496 696 646 746 annis
680 735 694 755 ,
734 714 845 764 quae
901 695 1024 745 vltra
1064 708 1282 745 veterem
1325 694 1500 743 foffam
1543 691 1789 763 producta

492 787 710 837 hostium
741 787 1121 836 munitionibus
1148 800 1252 836 erat
1277 786 1497 838 vicinior
1526 826 1540 846 ,
1568 784 1782 835 cunicu-

489 877 565 928 los
606 897 752 948 agere
792 893 1078 944 coeperunt.
1125 878 1191 927 Et
1217 892 1266 927 vt
1303 879 1495 929 nostros
1521 899 1598 930 res
1625 897 1681 929 ea
1708 878 1780 926 la-

488 983 615 1020 teret
646 1008 659 1028 ‚
687 971 783 1018 hoc
817 967 918 1015 astu
956 968 1004 1016 &
1031 967 1376 1033 stratagemate
1406 967 1517 1017 sunt
1546 969 1612 1019 vsi
1643 989 1653 1018 ε
1706 967 1780 1016 la-

485 1078 746 1113 tomorum
796 1057 1180 1109 multitudinem
1225 1056 1312 1108 sub
1361 1058 1690 1110 testudinibus
1717 1059 1779 1108 ad

485 1152 718 1203 frontem
762 1149 873 1199 eius
916 1149 1282 1217 propugnaculi
1319 1165 1514 1218 agunt,
1560 1168 1609 1202 vt
1661 1151 1780 1200 fun-

487 1240 724 1291 damenta
759 1259 1024 1292 murorum
1073 1244 1318 1292 continuo
1381 1238 1778 1308 indefatigabili-

486 1350 585 1399 que
622 1332 794 1381 labore
825 1348 1128 1385 excauarent
1157 1373 1170 1394 ,
1203 1333 1507 1403 strepituque
1546 1332 1778 1381 maximo

483 1438 687 1494 agerent
717 1461 730 1481 ,
773 1426 1178 1496 maiieommque
1243 1428 1499 1497 fragorem
1533 1465 1546 1486 ,
1598 1426 1774 1476 strido*

483 1534 700 1584 remque
753 1516 1178 1572 ferramentorum
1219 1520 1478 1572 summum
1526 1523 1772 1577 ederent,

484 1606 734 1657 nimirum
769 1622 819 1658 vt
846 1610 1067 1661 nostrum
1107 1613 1329 1663 militem
1361 1613 1451 1664 ista
1472 1613 1637 1662 fallaci
1665 1609 1773 1678 spe-

486 1698 564 1747 cie
598 1699 1052 1752 circumuenirent.
1097 1703 1471 1754 Existimabam
1495 1703 1634 1753 enim
1676 1721 1770 1752 no-

480 1790 605 1841 stros
631 1828 643 1849 ‚
697 1810 856 1859 quum
891 1812 1000 1844 eam
1042 1814 1147 1845 rem
1192 1798 1344 1846 tantis
1383 1796 1557 1846 studiis
1585 1795 1664 1864 agi
1694 1795 1769 1845 vi-

481 1884 658 1932 derent
690 1921 702 1942 ,
743 1903 803 1934 eo
829 1904 1008 1937 omnes
1048 1888 1378 1940 concursuros
1410 1927 1423 1948 ,
1472 1886 1768 1955 animosque

479 1972 541 2020 ab
575 1971 879 2023 diffiniuiata
927 1977 1309 2045 oppugnatione
1353 1977 1580 2045 verisque
1630 1976 1766 2044 peri-

477 2062 606 2112 culis
657 2062 718 2111 ad
759 2064 965 2116 inanem
1015 2068 1401 2120 ostentationem
1453 2068 1764 2120 discriminis

477 2151 737 2201 :messuros
766 2154 877 2205 effe.
910 2156 1026 2207 Nec
1047 2177 1132 2209 eos
1154 2158 1238 2209 sua
1264 2159 1448 2211 fefellit
1475 2161 1621 2210 ratio.
1647 2158 1766 2209 No-

474 2243 557 2296 stri
585 2261 805 2311 namque
844 2247 1035 2299 hostilis
1064 2251 1258 2301 consilii
1289 2251 1451 2319 ignari
1480 2289 1497 2308 ,.
1522 2268 1606 2300 eos
1632 2285 1645 2308 ‚
1675 2245 1763 2315 qui

473 2336 654 2386 turrim
681 2354 707 2384 a
725 2336 890 2389 fronte
912 2343 1109 2394 malleis
1137 2346 1329 2395 accutis
1343 2344 1756 2414 proscindebant,

474 2453 579 2502 qua
607 2444 837 2502 poterant
865 2436 913 2485 vi
942 2442 1303 2504 proturbabant
1335 2462 1347 2492 :
1385 2441 1467 2492 sed
1495 2458 1656 2510 quum
1705 2456 1763 2487 ea

477 2529 699 2581 defensio
730 2568 744 2590 ,
793 2531 991 2582 summa
1019 2536 1296 2601 pertinacia
1321 2540 1370 2589 &
1395 2540 1617 2588 clamore
1668 2551 1760 2583 vn-

477 2625 627 2693 dique
655 2639 881 2694 ageretur
910 2665 925 2689 ,
954 2626 1147 2679 factum
1179 2629 1244 2680 est
1265 2667 1278 2688 ,
1309 2644 1361 2681 vt
1386 2649 1475 2698 per
1499 2629 1757 2680 summum

1603 2722 1720 2775 stre-
