<?xml version="1.0" encoding="UTF-8"?>
<!DOCTYPE html PUBLIC "-//W3C//DTD XHTML 1.0 Transitional//EN"
    "http://www.w3.org/TR/xhtml1/DTD/xhtml1-transitional.dtd">
<html xmlns="http://www.w3.org/1999/xhtml" xml:lang="en" lang="en">
 <head>
  <title>
</title>
<meta http-equiv="Content-Type" content="text/html;charset=utf-8" />
  <meta name='ocr-system' content='tesseract 3.04.00' />
  <meta name='ocr-capabilities' content='ocr_page ocr_carea ocr_par ocr_line ocrx_word'/>
</head>
<body>
  <div class='ocr_page' id='page_1' title='image "./damianigoesopusc00gi_0255.png"; bbox 0 0 1931 3239; ppageno 0'>
   <div class='ocr_carea' id='block_1_1' title="bbox 213 231 1453 283">
    <p class='ocr_par' dir='ltr' id='par_1_1' title="bbox 213 231 1453 283">
     <span class='ocr_line' id='line_1_1' title="bbox 213 231 1453 283; baseline 0.007 -10"><span class='ocrx_word' id='word_1_1' title='bbox 213 237 393 275; x_wconf 80' lang='lat' dir='ltr'>FIDES</span> <span class='ocrx_word' id='word_1_2' title='bbox 421 231 678 271; x_wconf 80' lang='lat' dir='ltr'>RELIGIO</span> <span class='ocrx_word' id='word_1_3' title='bbox 708 231 982 283; x_wconf 70' lang='lat' dir='ltr'><strong>MQRESQ</strong></span> <span class='ocrx_word' id='word_1_4' title='bbox 1011 234 1310 278; x_wconf 78' lang='lat' dir='ltr'><strong>AETHIOP.</strong></span> <span class='ocrx_word' id='word_1_5' title='bbox 1358 244 1453 281; x_wconf 78' lang='lat'>221</span> 
     </span>
    </p>
   </div>
   <div class='ocr_carea' id='block_1_2' title="bbox 137 407 1504 568">
    <p class='ocr_par' dir='ltr' id='par_1_2' title="bbox 137 407 1504 568">
     <span class='ocr_line' id='line_1_2' title="bbox 137 407 1504 482; baseline -0.001 -16"><span class='ocrx_word' id='word_1_6' title='bbox 137 412 340 476; x_wconf 60' lang='grc' dir='ltr'>,ζὶίίεῑιε</span> <span class='ocrx_word' id='word_1_7' title='bbox 359 408 548 459; x_wconf 79' lang='lat' dir='ltr'>Ioannis</span> <span class='ocrx_word' id='word_1_8' title='bbox 579 407 887 476; x_wconf 71' lang='lat' dir='ltr'>Portzaegaliae</span> <span class='ocrx_word' id='word_1_9' title='bbox 933 408 1083 478; x_wconf 78' lang='lat' dir='ltr'>Regis</span> <span class='ocrx_word' id='word_1_10' title='bbox 1125 412 1413 482; x_wconf 73' lang='lat' dir='ltr'>Seremffimi</span> <span class='ocrx_word' id='word_1_11' title='bbox 1438 419 1504 465; x_wconf 79' lang='lat' dir='ltr'>ad</span> 
     </span>
     <span class='ocr_line' id='line_1_3' title="bbox 225 497 1414 568; baseline 0.003 -19"><span class='ocrx_word' id='word_1_12' title='bbox 225 497 572 568; x_wconf 55' lang='lat' dir='ltr'>Sanfiq‘fflmum</span> <span class='ocrx_word' id='word_1_13' title='bbox 598 498 863 549; x_wconf 68' lang='lat' dir='ltr'>Dominum</span> <span class='ocrx_word' id='word_1_14' title='bbox 891 501 1099 568; x_wconf 75' lang='lat' dir='ltr'>nostrum</span> <span class='ocrx_word' id='word_1_15' title='bbox 1127 501 1414 554; x_wconf 75' lang='lat' dir='ltr'>Clementem</span> 
     </span>
    </p>
   </div>
   <div class='ocr_carea' id='block_1_3' title="bbox 591 586 1033 660">
    <p class='ocr_par' dir='ltr' id='par_1_3' title="bbox 591 586 1033 660">
     <span class='ocr_line' id='line_1_4' title="bbox 591 586 1033 660; baseline 0.005 -21"><span class='ocrx_word' id='word_1_16' title='bbox 591 586 873 660; x_wconf 74' lang='lat' dir='ltr'>Ponttficem</span> <span class='ocrx_word' id='word_1_17' title='bbox 917 588 1033 641; x_wconf 86' lang='lat' dir='ltr'><em>VII.</em></span> 
     </span>
    </p>
   </div>
   <div class='ocr_carea' id='block_1_4' title="bbox 173 756 1475 1020">
    <p class='ocr_par' dir='ltr' id='par_1_4' title="bbox 173 756 1475 1020">
     <span class='ocr_line' id='line_1_5' title="bbox 175 756 1472 885; baseline 0.002 -74"><span class='ocrx_word' id='word_1_18' title='bbox 175 800 211 824; x_wconf 90' lang='lat'><strong>„</strong></span> <span class='ocrx_word' id='word_1_19' title='bbox 246 759 325 885; x_wconf 82' lang='lat' dir='ltr'>S</span> <span class='ocrx_word' id='word_1_20' title='bbox 358 758 756 811; x_wconf 78' lang='lat' dir='ltr'>ANcT1ss1Mo</span> <span class='ocrx_word' id='word_1_21' title='bbox 786 758 839 809; x_wconf 86' lang='lat' dir='ltr'>in</span> <span class='ocrx_word' id='word_1_22' title='bbox 870 756 1080 811; x_wconf 78' lang='lat' dir='ltr'>Christo</span> <span class='ocrx_word' id='word_1_23' title='bbox 1109 759 1245 812; x_wconf 83' lang='lat' dir='ltr'>Patri</span> <span class='ocrx_word' id='word_1_24' title='bbox 1275 799 1289 821; x_wconf 86' lang='lat'>‚</span> <span class='ocrx_word' id='word_1_25' title='bbox 1319 775 1472 831; x_wconf 78' lang='lat' dir='ltr'>atque</span> 
     </span>
     <span class='ocr_line' id='line_1_6' title="bbox 174 853 1468 916; baseline 0.002 -11"><span class='ocrx_word' id='word_1_26' title='bbox 174 893 214 916; x_wconf 89' lang='lat'><strong>„</strong></span> <span class='ocrx_word' id='word_1_27' title='bbox 253 874 279 897; x_wconf 62' lang='grc'>-’</span> <span class='ocrx_word' id='word_1_28' title='bbox 357 853 645 906; x_wconf 78' lang='lat' dir='ltr'>Beatiffimo</span> <span class='ocrx_word' id='word_1_29' title='bbox 687 853 924 904; x_wconf 84' lang='lat' dir='ltr'>Domino</span> <span class='ocrx_word' id='word_1_30' title='bbox 956 892 967 912; x_wconf 92' lang='lat'>,</span> <span class='ocrx_word' id='word_1_31' title='bbox 1010 853 1234 904; x_wconf 82' lang='lat' dir='ltr'>eiusdem</span> <span class='ocrx_word' id='word_1_32' title='bbox 1264 854 1468 908; x_wconf 62' lang='grc' dir='ltr'>δεηθεὶ-</span> 
     </span>
     <span class='ocr_line' id='line_1_7' title="bbox 173 946 1475 1020; baseline 0.002 -22"><span class='ocrx_word' id='word_1_33' title='bbox 173 947 351 1010; x_wconf 82' lang='lat' dir='ltr'>„tatis</span> <span class='ocrx_word' id='word_1_34' title='bbox 381 947 721 997; x_wconf 87' lang='lat' dir='ltr'>devotiffimus</span> <span class='ocrx_word' id='word_1_35' title='bbox 750 946 887 997; x_wconf 84' lang='lat' dir='ltr'>filius</span> <span class='ocrx_word' id='word_1_36' title='bbox 909 946 1156 1008; x_wconf 80' lang='lat' dir='ltr'>Ioannes,</span> <span class='ocrx_word' id='word_1_37' title='bbox 1185 948 1287 999; x_wconf 91' lang='lat' dir='ltr'>Dei</span> <span class='ocrx_word' id='word_1_38' title='bbox 1312 949 1475 1020; x_wconf 76' lang='lat' dir='ltr'>gratia</span> 
     </span>
    </p>
   </div>
   <div class='ocr_carea' id='block_1_5' title="bbox 183 1038 1475 1196">
    <p class='ocr_par' dir='ltr' id='par_1_5' title="bbox 183 1038 1475 1196">
     <span class='ocr_line' id='line_1_8' title="bbox 183 1038 1475 1109; baseline 0.002 -18"><span class='ocrx_word' id='word_1_39' title='bbox 183 1080 220 1103; x_wconf 87' lang='lat'>,‚</span> <span class='ocrx_word' id='word_1_40' title='bbox 249 1041 364 1092; x_wconf 88' lang='lat' dir='ltr'>Rex</span> <span class='ocrx_word' id='word_1_41' title='bbox 394 1039 741 1108; x_wconf 82' lang='lat' dir='ltr'>Portugalliae,</span> <span class='ocrx_word' id='word_1_42' title='bbox 771 1041 819 1091; x_wconf 77' lang='grc' dir='ltr'>δε</span> <span class='ocrx_word' id='word_1_43' title='bbox 848 1038 1215 1109; x_wconf 83' lang='lat' dir='ltr'>Algarbiorum</span> <span class='ocrx_word' id='word_1_44' title='bbox 1245 1042 1372 1093; x_wconf 82' lang='lat' dir='ltr'>citra</span> <span class='ocrx_word' id='word_1_45' title='bbox 1396 1041 1475 1093; x_wconf 78' lang='lat' dir='ltr'>vl-</span> 
     </span>
     <span class='ocr_line' id='line_1_9' title="bbox 188 1127 1474 1196; baseline 0.002 -17"><span class='ocrx_word' id='word_1_46' title='bbox 188 1168 225 1189; x_wconf 83' lang='lat'><strong>„</strong></span> <span class='ocrx_word' id='word_1_47' title='bbox 249 1141 428 1196; x_wconf 83' lang='lat' dir='ltr'>traque</span> <span class='ocrx_word' id='word_1_48' title='bbox 457 1147 596 1178; x_wconf 88' lang='lat' dir='ltr'>mare</span> <span class='ocrx_word' id='word_1_49' title='bbox 623 1129 675 1178; x_wconf 88' lang='lat' dir='ltr'>in</span> <span class='ocrx_word' id='word_1_50' title='bbox 703 1127 883 1178; x_wconf 77' lang='lat' dir='ltr'>Africa</span> <span class='ocrx_word' id='word_1_51' title='bbox 907 1166 920 1186; x_wconf 94' lang='lat'><em>,</em></span> <span class='ocrx_word' id='word_1_52' title='bbox 943 1129 1208 1181; x_wconf 80' lang='lat' dir='ltr'>Dominus</span> <span class='ocrx_word' id='word_1_53' title='bbox 1230 1130 1474 1191; x_wconf 84' lang='lat' dir='ltr'>Guineae,</span> 
     </span>
    </p>
   </div>
   <div class='ocr_carea' id='block_1_6' title="bbox 178 1221 1479 1668">
    <p class='ocr_par' dir='ltr' id='par_1_6' title="bbox 178 1221 1479 1668">
     <span class='ocr_line' id='line_1_10' title="bbox 178 1221 1468 1292; baseline 0.002 -19"><span class='ocrx_word' id='word_1_54' title='bbox 178 1262 214 1285; x_wconf 88' lang='lat'><em>„</em></span> <span class='ocrx_word' id='word_1_55' title='bbox 230 1222 645 1292; x_wconf 78' lang='lat' dir='ltr'>expugnationis,</span> <span class='ocrx_word' id='word_1_56' title='bbox 665 1221 1004 1291; x_wconf 76' lang='lat' dir='ltr'>navigationis</span> <span class='ocrx_word' id='word_1_57' title='bbox 1020 1261 1031 1279; x_wconf 84' lang='lat'>,</span> <span class='ocrx_word' id='word_1_58' title='bbox 1046 1225 1351 1275; x_wconf 79' lang='lat' dir='ltr'>commercii</span> <span class='ocrx_word' id='word_1_59' title='bbox 1369 1224 1468 1274; x_wconf 67' lang='grc' dir='ltr'>ΖΕ-</span> 
     </span>
     <span class='ocr_line' id='line_1_11' title="bbox 179 1312 1474 1384; baseline 0.002 -20"><span class='ocrx_word' id='word_1_60' title='bbox 179 1352 217 1376; x_wconf 82' lang='grc'>,,</span> <span class='ocrx_word' id='word_1_61' title='bbox 247 1314 458 1384; x_wconf 83' lang='lat' dir='ltr'>thiopiae</span> <span class='ocrx_word' id='word_1_62' title='bbox 487 1351 498 1373; x_wconf 86' lang='grc'>,</span> <span class='ocrx_word' id='word_1_63' title='bbox 529 1312 733 1364; x_wconf 77' lang='lat' dir='ltr'>Arabiae</span> <span class='ocrx_word' id='word_1_64' title='bbox 757 1351 770 1372; x_wconf 90' lang='lat'><em>,</em></span> <span class='ocrx_word' id='word_1_65' title='bbox 815 1313 1032 1364; x_wconf 81' lang='lat' dir='ltr'>Perfidis</span> <span class='ocrx_word' id='word_1_66' title='bbox 1075 1328 1228 1383; x_wconf 75' lang='lat' dir='ltr'>atque</span> <span class='ocrx_word' id='word_1_67' title='bbox 1269 1315 1429 1366; x_wconf 82' lang='lat' dir='ltr'>Indiae</span> <span class='ocrx_word' id='word_1_68' title='bbox 1458 1353 1474 1376; x_wconf 86' lang='lat'><strong>,</strong></span> 
     </span>
     <span class='ocr_line' id='line_1_12' title="bbox 181 1406 1472 1481; baseline 0.001 -20"><span class='ocrx_word' id='word_1_69' title='bbox 181 1448 217 1471; x_wconf 89' lang='lat'>‚,</span> <span class='ocrx_word' id='word_1_70' title='bbox 247 1409 352 1481; x_wconf 87' lang='lat' dir='ltr'>post</span> <span class='ocrx_word' id='word_1_71' title='bbox 386 1409 681 1460; x_wconf 81' lang='lat' dir='ltr'>humillima</span> <span class='ocrx_word' id='word_1_72' title='bbox 727 1406 1017 1459; x_wconf 54' lang='lat' dir='ltr'>sauciorum</span> <span class='ocrx_word' id='word_1_73' title='bbox 1061 1411 1248 1479; x_wconf 83' lang='lat' dir='ltr'>pedum</span> <span class='ocrx_word' id='word_1_74' title='bbox 1283 1411 1472 1463; x_wconf 83' lang='lat' dir='ltr'>oscula.</span> 
     </span>
     <span class='ocr_line' id='line_1_13' title="bbox 182 1503 1479 1568; baseline 0.001 -10"><span class='ocrx_word' id='word_1_75' title='bbox 182 1546 198 1567; x_wconf 90' lang='lat'>‚</span> <span class='ocrx_word' id='word_1_76' title='bbox 216 1546 228 1568; x_wconf 88' lang='lat'><em>,</em></span> <span class='ocrx_word' id='word_1_77' title='bbox 250 1507 564 1558; x_wconf 69' lang='lat' dir='ltr'>Samffissime</span> <span class='ocrx_word' id='word_1_78' title='bbox 596 1506 649 1556; x_wconf 88' lang='lat' dir='ltr'>in</span> <span class='ocrx_word' id='word_1_79' title='bbox 677 1503 885 1556; x_wconf 85' lang='lat' dir='ltr'>Christo</span> <span class='ocrx_word' id='word_1_80' title='bbox 906 1505 1055 1556; x_wconf 81' lang='lat' dir='ltr'>Pater</span> <span class='ocrx_word' id='word_1_81' title='bbox 1076 1545 1089 1566; x_wconf 92' lang='lat'>‚</span> <span class='ocrx_word' id='word_1_82' title='bbox 1119 1507 1168 1558; x_wconf 72' lang='grc' dir='ltr'>δε</span> <span class='ocrx_word' id='word_1_83' title='bbox 1194 1507 1479 1559; x_wconf 82' lang='lat' dir='ltr'>feliciffime</span> 
     </span>
     <span class='ocr_line' id='line_1_14' title="bbox 184 1597 1478 1668; baseline -0.001 -16"><span class='ocrx_word' id='word_1_84' title='bbox 184 1640 199 1662; x_wconf 91' lang='lat'>‚</span> <span class='ocrx_word' id='word_1_85' title='bbox 222 1640 234 1662; x_wconf 91' lang='lat'><em>‚</em></span> <span class='ocrx_word' id='word_1_86' title='bbox 264 1600 497 1652; x_wconf 86' lang='lat' dir='ltr'>Domine</span> <span class='ocrx_word' id='word_1_87' title='bbox 519 1637 533 1658; x_wconf 95' lang='lat'><em>,</em></span> <span class='ocrx_word' id='word_1_88' title='bbox 565 1598 679 1650; x_wconf 84' lang='lat' dir='ltr'>Rex</span> <span class='ocrx_word' id='word_1_89' title='bbox 702 1637 716 1658; x_wconf 87' lang='lat'>,</span> <span class='ocrx_word' id='word_1_90' title='bbox 743 1597 1012 1657; x_wconf 81' lang='lat' dir='ltr'>dominus,</span> <span class='ocrx_word' id='word_1_91' title='bbox 1054 1599 1102 1649; x_wconf 69' lang='grc' dir='ltr'>ὃ(</span> <span class='ocrx_word' id='word_1_92' title='bbox 1128 1612 1270 1668; x_wconf 84' lang='lat' dir='ltr'>pater</span> <span class='ocrx_word' id='word_1_93' title='bbox 1297 1618 1440 1651; x_wconf 84' lang='lat' dir='ltr'>meus</span> <span class='ocrx_word' id='word_1_94' title='bbox 1463 1639 1478 1661; x_wconf 90' lang='lat'><em>,</em></span> 
     </span>
    </p>
   </div>
   <div class='ocr_carea' id='block_1_7' title="bbox 182 1687 1481 1844">
    <p class='ocr_par' dir='ltr' id='par_1_7' title="bbox 182 1687 1481 1844">
     <span class='ocr_line' id='line_1_15' title="bbox 182 1687 1481 1758; baseline -0.001 -15"><span class='ocrx_word' id='word_1_95' title='bbox 182 1730 219 1754; x_wconf 90' lang='lat'><strong>„</strong></span> <span class='ocrx_word' id='word_1_96' title='bbox 249 1708 368 1743; x_wconf 85' lang='lat' dir='ltr'>cum</span> <span class='ocrx_word' id='word_1_97' title='bbox 406 1687 837 1741; x_wconf 67' lang='lat' dir='ltr'>animaduerteret</span> <span class='ocrx_word' id='word_1_98' title='bbox 866 1727 877 1747; x_wconf 92' lang='lat'><em>,</em></span> <span class='ocrx_word' id='word_1_99' title='bbox 917 1706 1074 1758; x_wconf 82' lang='lat' dir='ltr'>quam</span> <span class='ocrx_word' id='word_1_100' title='bbox 1113 1703 1316 1758; x_wconf 80' lang='lat' dir='ltr'>gratum</span> <span class='ocrx_word' id='word_1_101' title='bbox 1362 1691 1481 1742; x_wconf 86' lang='lat' dir='ltr'>Deo</span> 
     </span>
     <span class='ocr_line' id='line_1_16' title="bbox 188 1775 1477 1844; baseline 0 -15"><span class='ocrx_word' id='word_1_102' title='bbox 188 1818 225 1840; x_wconf 89' lang='lat'><em>„</em></span> <span class='ocrx_word' id='word_1_103' title='bbox 254 1780 370 1830; x_wconf 84' lang='lat' dir='ltr'>effet</span> <span class='ocrx_word' id='word_1_104' title='bbox 395 1779 628 1829; x_wconf 88' lang='lat' dir='ltr'>futurum</span> <span class='ocrx_word' id='word_1_105' title='bbox 654 1815 668 1836; x_wconf 90' lang='lat'><em>,</em></span> <span class='ocrx_word' id='word_1_106' title='bbox 713 1776 748 1826; x_wconf 92' lang='lat' dir='ltr'>s1</span> <span class='ocrx_word' id='word_1_107' title='bbox 776 1775 1063 1844; x_wconf 83' lang='lat' dir='ltr'>AEthiopiae</span> <span class='ocrx_word' id='word_1_108' title='bbox 1089 1813 1102 1834; x_wconf 93' lang='lat'><em>,</em></span> <span class='ocrx_word' id='word_1_109' title='bbox 1130 1790 1281 1844; x_wconf 79' lang='lat' dir='ltr'>atque</span> <span class='ocrx_word' id='word_1_110' title='bbox 1313 1777 1477 1830; x_wconf 82' lang='lat' dir='ltr'>Indiae</span> 
     </span>
    </p>
   </div>
   <div class='ocr_carea' id='block_1_8' title="bbox 186 1868 1484 2693">
    <p class='ocr_par' dir='ltr' id='par_1_8' title="bbox 186 1868 1484 2693">
     <span class='ocr_line' id='line_1_17' title="bbox 197 1868 1479 1939; baseline -0.002 -17"><span class='ocrx_word' id='word_1_111' title='bbox 197 1911 234 1934; x_wconf 91' lang='lat'>„</span> <span class='ocrx_word' id='word_1_112' title='bbox 262 1871 604 1922; x_wconf 74' lang='lat' dir='ltr'>remotissimae</span> <span class='ocrx_word' id='word_1_113' title='bbox 630 1871 864 1939; x_wconf 82' lang='lat' dir='ltr'>regiones</span> <span class='ocrx_word' id='word_1_114' title='bbox 890 1909 902 1928; x_wconf 93' lang='lat'><em>,</em></span> <span class='ocrx_word' id='word_1_115' title='bbox 941 1887 1051 1936; x_wconf 79' lang='lat' dir='ltr'>quae</span> <span class='ocrx_word' id='word_1_116' title='bbox 1075 1868 1213 1919; x_wconf 83' lang='lat' dir='ltr'>fama</span> <span class='ocrx_word' id='word_1_117' title='bbox 1241 1883 1439 1921; x_wconf 79' lang='lat' dir='ltr'>tantum</span> <span class='ocrx_word' id='word_1_118' title='bbox 1465 1908 1479 1929; x_wconf 91' lang='lat'><em>,</em></span> 
     </span>
     <span class='ocr_line' id='line_1_18' title="bbox 186 1961 1478 2032; baseline 0 -18"><span class='ocrx_word' id='word_1_119' title='bbox 186 2003 223 2026; x_wconf 90' lang='lat'><em>„</em></span> <span class='ocrx_word' id='word_1_120' title='bbox 251 1977 402 2032; x_wconf 83' lang='lat' dir='ltr'>atque</span> <span class='ocrx_word' id='word_1_121' title='bbox 423 1983 482 2014; x_wconf 82' lang='lat' dir='ltr'>ea</span> <span class='ocrx_word' id='word_1_122' title='bbox 505 1962 711 2031; x_wconf 87' lang='lat' dir='ltr'>quidem</span> <span class='ocrx_word' id='word_1_123' title='bbox 741 1963 1003 2030; x_wconf 74' lang='lat' dir='ltr'>ambigua,</span> <span class='ocrx_word' id='word_1_124' title='bbox 1033 1961 1217 2012; x_wconf 78' lang='lat' dir='ltr'>auditae</span> <span class='ocrx_word' id='word_1_125' title='bbox 1237 1962 1438 2014; x_wconf 78' lang='lat' dir='ltr'>fuerant</span> <span class='ocrx_word' id='word_1_126' title='bbox 1464 2002 1478 2023; x_wconf 91' lang='lat'>,</span> 
     </span>
     <span class='ocr_line' id='line_1_19' title="bbox 186 2052 1475 2125; baseline -0.001 -18"><span class='ocrx_word' id='word_1_127' title='bbox 186 2095 224 2117; x_wconf 89' lang='lat'>‚,</span> <span class='ocrx_word' id='word_1_128' title='bbox 247 2056 416 2107; x_wconf 62' lang='lat' dir='ltr'>solerti</span> <span class='ocrx_word' id='word_1_129' title='bbox 440 2056 768 2125; x_wconf 81' lang='lat' dir='ltr'>navigatione</span> <span class='ocrx_word' id='word_1_130' title='bbox 791 2052 1202 2105; x_wconf 82' lang='lat' dir='ltr'>Christianorum</span> <span class='ocrx_word' id='word_1_131' title='bbox 1245 2055 1475 2106; x_wconf 78' lang='lat' dir='ltr'>clastibus</span> 
     </span>
     <span class='ocr_line' id='line_1_20' title="bbox 188 2148 1475 2223; baseline 0 -20"><span class='ocrx_word' id='word_1_132' title='bbox 188 2192 229 2222; x_wconf 59' lang='lat'>9,</span> <span class='ocrx_word' id='word_1_133' title='bbox 257 2148 549 2203; x_wconf 71' lang='lat' dir='ltr'>adirentur:</span> <span class='ocrx_word' id='word_1_134' title='bbox 587 2151 756 2203; x_wconf 82' lang='lat' dir='ltr'>statim</span> <span class='ocrx_word' id='word_1_135' title='bbox 804 2153 865 2202; x_wconf 85' lang='lat' dir='ltr'>ab</span> <span class='ocrx_word' id='word_1_136' title='bbox 905 2152 1015 2221; x_wconf 87' lang='lat' dir='ltr'>ipso</span> <span class='ocrx_word' id='word_1_137' title='bbox 1068 2152 1283 2222; x_wconf 83' lang='lat' dir='ltr'>suscepti</span> <span class='ocrx_word' id='word_1_138' title='bbox 1333 2155 1475 2223; x_wconf 76' lang='lat' dir='ltr'>regni</span> 
     </span>
     <span class='ocr_line' id='line_1_21' title="bbox 187 2247 1481 2319; baseline 0.001 -20"><span class='ocrx_word' id='word_1_139' title='bbox 187 2287 225 2310; x_wconf 89' lang='lat'>„</span> <span class='ocrx_word' id='word_1_140' title='bbox 254 2249 405 2300; x_wconf 73' lang='lat' dir='ltr'>initio</span> <span class='ocrx_word' id='word_1_141' title='bbox 441 2248 733 2317; x_wconf 81' lang='lat' dir='ltr'>complures</span> <span class='ocrx_word' id='word_1_142' title='bbox 761 2249 916 2299; x_wconf 84' lang='lat' dir='ltr'>duces</span> <span class='ocrx_word' id='word_1_143' title='bbox 942 2249 991 2299; x_wconf 70' lang='grc' dir='ltr'>δε</span> <span class='ocrx_word' id='word_1_144' title='bbox 1020 2247 1246 2299; x_wconf 78' lang='lat' dir='ltr'>subditos</span> <span class='ocrx_word' id='word_1_145' title='bbox 1277 2248 1390 2300; x_wconf 81' lang='lat' dir='ltr'>suos</span> <span class='ocrx_word' id='word_1_146' title='bbox 1420 2249 1481 2319; x_wconf 65' lang='lat' dir='ltr'>aci</span> 
     </span>
     <span class='ocr_line' id='line_1_22' title="bbox 188 2340 1473 2413; baseline 0 -21"><span class='ocrx_word' id='word_1_147' title='bbox 188 2380 226 2402; x_wconf 88' lang='lat'>,‚</span> <span class='ocrx_word' id='word_1_148' title='bbox 255 2340 610 2410; x_wconf 79' lang='lat' dir='ltr'>perscrutanda</span> <span class='ocrx_word' id='word_1_149' title='bbox 647 2342 1100 2413; x_wconf 83' lang='lat' dir='ltr'>cognoscendaque</span> <span class='ocrx_word' id='word_1_150' title='bbox 1144 2361 1320 2393; x_wconf 72' lang='lat' dir='ltr'>earum</span> <span class='ocrx_word' id='word_1_151' title='bbox 1372 2357 1473 2392; x_wconf 39' lang='lat' dir='ltr'>ter‘</span> 
     </span>
     <span class='ocr_line' id='line_1_23' title="bbox 190 2434 1484 2495; baseline -0.002 -9"><span class='ocrx_word' id='word_1_152' title='bbox 190 2472 229 2495; x_wconf 89' lang='lat'>‚,</span> <span class='ocrx_word' id='word_1_153' title='bbox 258 2453 427 2486; x_wconf 85' lang='lat' dir='ltr'>rarum</span> <span class='ocrx_word' id='word_1_154' title='bbox 454 2434 606 2485; x_wconf 88' lang='lat' dir='ltr'>litora</span> <span class='ocrx_word' id='word_1_155' title='bbox 629 2473 644 2494; x_wconf 89' lang='lat'>,</span> <span class='ocrx_word' id='word_1_156' title='bbox 693 2435 944 2487; x_wconf 61' lang='lat' dir='ltr'>instra-stis</span> <span class='ocrx_word' id='word_1_157' title='bbox 967 2436 1283 2488; x_wconf 70' lang='lat' dir='ltr'>validiffimis</span> <span class='ocrx_word' id='word_1_158' title='bbox 1326 2434 1484 2486; x_wconf 78' lang='lat' dir='ltr'>claffi-</span> 
     </span>
     <span class='ocr_line' id='line_1_24' title="bbox 189 2526 1482 2598; baseline -0.004 -20"><span class='ocrx_word' id='word_1_159' title='bbox 189 2565 226 2589; x_wconf 95' lang='lat'><em>„</em></span> <span class='ocrx_word' id='word_1_160' title='bbox 249 2529 342 2578; x_wconf 88' lang='lat' dir='ltr'>bus</span> <span class='ocrx_word' id='word_1_161' title='bbox 369 2526 502 2577; x_wconf 73' lang='lat' dir='ltr'>misit</span> <span class='ocrx_word' id='word_1_162' title='bbox 526 2549 538 2579; x_wconf 88' lang='lat'>:</span> <span class='ocrx_word' id='word_1_163' title='bbox 568 2528 757 2579; x_wconf 86' lang='lat' dir='ltr'>scilicet</span> <span class='ocrx_word' id='word_1_164' title='bbox 785 2542 838 2578; x_wconf 82' lang='lat' dir='ltr'>vt</span> <span class='ocrx_word' id='word_1_165' title='bbox 859 2527 1058 2589; x_wconf 65' lang='grc' dir='ltr'><strong>ΝΙαυῑί,</strong></span> <span class='ocrx_word' id='word_1_166' title='bbox 1085 2530 1135 2580; x_wconf 82' lang='lat'>&amp;</span> <span class='ocrx_word' id='word_1_167' title='bbox 1161 2527 1377 2598; x_wconf 71' lang='lat' dir='ltr'>gentiles</span> <span class='ocrx_word' id='word_1_168' title='bbox 1399 2543 1482 2573; x_wconf 74' lang='lat' dir='ltr'>ea-</span> 
     </span>
     <span class='ocr_line' id='line_1_25' title="bbox 187 2618 1478 2693; baseline -0.009 -17"><span class='ocrx_word' id='word_1_169' title='bbox 187 2650 227 2678; x_wconf 69' lang='lat' dir='ltr'>n,</span> <span class='ocrx_word' id='word_1_170' title='bbox 255 2638 370 2672; x_wconf 86' lang='lat' dir='ltr'>rum</span> <span class='ocrx_word' id='word_1_171' title='bbox 396 2622 665 2692; x_wconf 83' lang='lat' dir='ltr'>regionum</span> <span class='ocrx_word' id='word_1_172' title='bbox 689 2623 866 2693; x_wconf 82' lang='lat' dir='ltr'>populi</span> <span class='ocrx_word' id='word_1_173' title='bbox 889 2661 904 2684; x_wconf 90' lang='lat'><em>,</em></span> <span class='ocrx_word' id='word_1_174' title='bbox 949 2623 1221 2675; x_wconf 80' lang='lat' dir='ltr'>veritatem</span> <span class='ocrx_word' id='word_1_175' title='bbox 1249 2618 1478 2670; x_wconf 79' lang='lat' dir='ltr'>christia-</span> 
     </span>
    </p>
   </div>
   <div class='ocr_carea' id='block_1_9' title="bbox 1329 2731 1468 2772">
    <p class='ocr_par' dir='ltr' id='par_1_9' title="bbox 1329 2731 1468 2772">
     <span class='ocr_line' id='line_1_26' title="bbox 1329 2731 1468 2772; baseline 0 -8"><span class='ocrx_word' id='word_1_176' title='bbox 1329 2751 1367 2772; x_wconf 81' lang='lat'><em>„</em></span> <span class='ocrx_word' id='word_1_177' title='bbox 1392 2731 1468 2764; x_wconf 72' lang='lat' dir='ltr'>11ae</span> 
     </span>
    </p>
   </div>
  </div>
 </body>
</html>
