1915 3190
495 188 600 265 398
701 197 1192 241 10ANN'18111.
1239 188 1684 234 ErxsTOLA:

465 312 676 365 meritos
702 307 932 378 prosequi
959 306 1189 374 dignatus
1233 304 1299 356 est
1324 325 1336 354 z
1379 292 1613 367 idemque
1643 315 1670 346 a
1697 296 1752 348 Sa

465 403 644 455 Vestra
675 401 830 451 totius
866 390 1154 468 reipublicae
1210 393 1505 446 Christianae
1550 390 1759 440 nomine

474 495 587 547 fieri
632 494 679 542 ἃ
709 492 850 560 spero
877 529 891 550 ‚
935 492 984 541 &
1021 502 1162 558 opto.
1207 484 1449 554 Cumque
1496 485 1557 533 ab
1603 481 1757 551 ipsius

438 583 811 645 ,Pontificatus
871 584 1020 633 initio
1077 579 1393 631 Christianus
1441 577 1577 626 orbis
1616 574 1765 624 nouis

474 673 805 724 vi&0riarun1
862 670 1221 721 acceffionibus
1277 685 1381 718 non
1439 664 1767 714 mediocriter

476 761 654 811 anchis
694 758 845 808 suerit
877 794 889 815 ,
944 757 1094 822 idque
1140 754 1303 824 ipsum
1338 754 1430 819 (vt
1467 751 1574 800 dixi
1607 747 1623 815 )
1661 751 1771 800 iure

472 854 670 920 optimo
705 849 939 899 eiusdem
984 848 1034 897 S.
1073 847 1264 896 Vestrae
1310 843 1521 893 summis
1570 843 1773 893 virtuti-

456 943 569 1010 ¹bus
611 978 624 999 ,
653 950 1005 1007 perpetuoque
1034 934 1312 1002 religionis
1329 932 1533 981 affe&ui
1562 932 1773 982 adscribi

477 1030 708 1098 oporteat
737 1066 750 1086 ,
780 1043 957 1076 omnes
986 1062 999 1083 ,
1025 1026 1110 1093 qui
1141 1022 1414 1073 Christum
1434 1022 1732 1091 profitemur
1760 1048 1777 1079 ί

481 1119 678 1188 sperare
704 1119 948 1166 debemus
976 1114 1083 1164 fore
1110 1151 1124 1173 ,
1167 1121 1221 1164 vt
1249 1113 1398 1163 rebus
1452 1130 1542 1180 per
1565 1112 1780 1161 eandem

412 1279 419 1281 ‚
484 1211 617 1260 inter
644 1208 899 1279 principes
933 1204 1256 1257 Christianos
1291 1205 1488 1272 pacatis
1518 1240 1534 1262 ,
1561 1204 1609 1254 &
1636 1221 1784 1253 com-

483 1301 657 1369 positis
689 1338 706 1358 ‚,
748 1299 798 1350 S.
834 1298 1017 1348 Vestrae
1044 1298 1241 1348 meritis
1268 1333 1281 1355 ,
1327 1297 1550 1347 consiliis
1572 1335 1587 1357 ,
1619 1299 1783 1349 virtu-⁹

496 1411 545 1446 te
575 1432 587 1453 ,
624 1394 923 1444 auftoritate
953 1430 965 1451 ‚
1009 1392 1116 1443 Dei
1163 1391 1345 1460 religio
1383 1391 1547 1460 magis
1592 1391 1782 1460 magis-

498 1505 595 1556 que
620 1486 794 1536 floreat
825 1523 838 1545 ,
875 1486 922 1535 &
960 1486 1112 1554 digna
1159 1483 1249 1552 (vt
1275 1497 1363 1553 par
1404 1481 1516 1549 est)
1558 1483 1778 1550 accipiat

500 1579 820 1629 incrementa
854 1596 868 1638 3
908 1589 959 1625 vt
986 1576 1190 1626 tandem
1214 1593 1341 1626 verae
1383 1573 1591 1642 pietatis
1629 1567 1784 1622 host'i-

497 1676 592 1725 bus
617 1685 701 1723 aut
751 1671 928 1721 euersis
957 1706 971 1729 ,
1013 1684 1097 1720 aut
1143 1669 1422 1739 profligatis
1447 1707 1460 1727 ,
1509 1668 1790 1719 idolorum-⁷

500 1781 598 1831 que
632 1800 644 1820 ,
711 1763 760 1812 ἃ
805 1760 1300 1813 Mahumetanorum·
1359 1762 1520 1829 impia
1564 1761 1786 1810 vanitate

497 1853 690 1909 deleta,
745 1850 888 1901 Crux
923 1852 994 1902 D.
1026 1852 1105 1904 N.
1143 1852 1192 1903 I.
1222 1851 1291 1904 C.
1324 1853 1377 1902 in
1409 1849 1639 1902 vniuerso
1669 1850 1796 1900 orbe‘

499 1945 692 1994 colatur
719 1981 732 2001 ,
784 1957 934 2012 atque
981 1945 1240 1994 adoretun

621 2036 673 2086 S.
705 2036 757 2085 in
785 2024 852 2087 C.
880 2036 1027 2087 Pater
1053 2040 1100 2088 &
1132 2037 1206 2088 D.
1241 2036 1319 2088 N.
1359 2036 1441 2086 D.
1474 2033 1694 2105 Omnip.
1738 2033 1794 2086 S.-

503 2124 731 2178 Vestram
755 2125 1052 2185 diutissirne,
1076 2145 1133 2177 ac
1178 2127 1455 2177 feliciffime
1482 2142 1661 2193 augere
1692 2159 1705 2181 ,
1750 2125 1800 2172 δε

506 2217 797 2268 conseruare
819 2219 1054 2286 dignetur
1093 2257 1106 2277 ‚
1150 2220 1213 2270 ad
1256 2219 1331 2269 sui
1369 2217 1624 2268 santissitni
1647 2215 1794 2266 obse-

511 2308 657 2377 quii,
711 2305 905 2355 Sanciae
950 2306 1143 2358 Matris
1201 2308 1445 2360 Ecclesiae
1502 2309 1698 2358 bonum
1753 2307 1815 2357 ὅτ’

507 2397 798 2446 Vtilitatem.
857 2396 1002 2448 Datae'
1048 2398 1241 2451 Eborae
1271 2436 1286 2460 ‚
1330 2399 1420 2451 die
1462 2413 1561 2450 xx.
1621 2397 1743 2449 Iulii
1781 2433 1802 2456 ,

511 2496 645 2529 anno
676 2480 749 2533 D.
787 2497 1106 2536 MDxxxvr.

998 2659 1328 2734 FINIS,
