1931 3239
134 226 304 266 rmzs
335 224 584 264 RELIGIO
611 223 884 273 MORESQ
910 226 1208 267 AETHIOP.
1254 234 1355 287 259

81 347 204 384 nato
233 371 249 393 ,
286 329 500 400 quanuis
549 326 839 395 grauffimo.
886 326 1114 380 Vlterius
1156 331 1369 404 Presby-

79 425 176 475 teri
202 440 304 474 non
345 419 544 489 possunt
583 418 755 468 audire
801 419 1164 471 confessionem
1214 423 1324 473 eius
1354 460 1369 482 ,

79 514 166 565 cui
211 509 538 561 confitentur.
600 508 846 561 Praeterea
915 509 1205 581 Presbyteri
1239 551 1252 572 ‚
1323 516 1372 565 &

78 598 333 653 Monachi
362 636 376 657 ,
404 600 453 649 δε
478 615 658 648 omnes
685 597 924 649 Ecclefiae
953 600 1166 650 ministri
1203 638 1217 658 .
1238 601 1371 669 apud

75 713 172 746 nos
201 694 288 746 suo
313 696 484 746 labore
512 695 709 745 viuunt.
754 694 966 764 Qippe
994 695 1220 747 Ecclefia
1250 697 1367 746 nul·

78 785 154 839 las
184 787 334 841 habet
360 773 583 837 decirfiass
613 822 626 844 ‚
677 803 770 836 nec
799 787 988 855 accipit
1019 809 1033 851 ς
1095 788 1245 839 habet
1297 803 1374 841 ta-

77 898 200 932 men
226 893 503 951 prouentus
529 879 578 930 &
603 898 749 949 agros
777 919 790 940 ,
842 901 970 951 quos
998 881 1086 951 ipsi
1136 880 1329 936 Clerici
1364 923 1377 944 ,

85 971 139 1022 &
166 972 420 1026 Monachi
461 971 664 1023 fodiunt
694 1011 707 1032 ,
761 988 847 1025 aut
897 975 981 1025 sua
1009 1012 1022 1034 ,
1076 988 1161 1026 aut
1213 977 1380 1030 aliena

84 1085 241 1135 opera
265 1067 444 1118 coiunt
477 1106 490 1126 ,
515 1068 564 1117 &
591 1067 754 1117 nullas
779 1067 905 1118 alias
934 1068 1122 1120 habent
1146 1069 1374 1121 eleemo-

82 1160 211 1212 smas
243 1199 255 1221 ,
283 1174 463 1230 praeter
512 1179 593 1210 eas
626 1198 640 1220 ‚
693 1178 805 1229 quae
854 1162 1007 1229 gratis
1059 1164 1112 1213 in
1164 1164 1372 1231 templis

85 1254 364 1305 offeruntur
391 1274 484 1325 pro
508 1254 738 1324 exequiis
766 1269 1085 1306 mortuorum
1116 1294 1129 1315 ,
1181 1258 1229 1308 δε
1258 1259 1372 1310 aliis

86 1351 186 1420 piis
213 1353 360 1402 rebus
389 1388 403 1410 ,
447 1369 537 1401 nec
565 1351 636 1400 eis
669 1350 786 1400 licet
810 1350 1017 1400 vicatim
1046 1354 1333 1404 mendicare
1365 1391 1377 1411 ,

88 1458 186 1493 nec
241 1462 271 1493 a
319 1445 465 1514 plebe
506 1443 698 1512 aliquid
739 1443 1156 1493 eleemosinarum
1205 1456 1379 1494 extor-

95 1553 272 1604 quere.
319 1536 454 1587 Item
485 1536 536 1584 in
579 1534 756 1584 nostris
785 1535 988 1602 templis
1038 1534 1244 1604 singulis
1272 1537 1382 1586 die-

89 1625 186 1675 bus
215 1663 230 1685 ,
275 1643 372 1675 vna
427 1636 625 1674 tantum
678 1623 960 1674 celebratur
1010 1623 1149 1674 miffa
1180 1662 1193 1683 ,
1224 1643 1378 1692 quam

92 1714 329 1769 sacrificii
357 1716 472 1766 loco
499 1716 744 1766 habemus
773 1754 787 1775 ‚
816 1734 909 1766 nec
938 1716 1104 1784 plures
1152 1734 1215 1766 ex
1241 1728 1381 1766 vete-

94 1814 140 1865 1i
168 1810 395 1861 instituto
420 1809 670 1861 celebrare
698 1811 836 1860 licet.
883 1809 981 1859 Pro
1023 1827 1121 1876 qua
1172 1808 1381 1877 quidem

94 1899 237 1953 missa
265 1935 278 1956 ,
308 1899 508 1949 nullum
535 1901 755 1968 pretium
798 1911 882 1947 aut
928 1897 1214 1946 mercedem
1243 1898 1382 1948 acci-

105 1994 280 2065 pimus
310 2029 325 2051 ,
351 1990 403 2040 in
438 2008 537 2059 quo
566 1990 843 2041 ministerio
870 1988 1254 2039 Sacramentum
1283 1989 1390 2041 Eu-

99 2087 346 2140 charistiae
376 2101 479 2138 non
509 2083 789 2134 ostenditur*
812 2078 826 2142 ‚⁷
875 2093 927 2133 vt
954 2081 1036 2131 ‘nic
1063 2081 1211 2131 video
1238 2079 1344 2132 fieri
1375 2120 1388 2142 ,

97 2181 335 2247 inibique
361 2193 544 2229 omnes
575 2176 853 2227 sacerdotes
902 2171 951 2222 &
977 2170 1177 2221 diaconi
1208 2208 1222 2229 ‚
1272 2170 1388 2220 sub-

100 2271 306 2322 diaconi
339 2309 352 2330 ,
373 2272 423 2323 &
450 2268 702 2338 templum
728 2264 1020 2316 accedentes
1049 2259 1251 2329 Corpus
1276 2261 1390 2313 Do-

104 2365 238 2415 mini
288 2365 550 2434 accipiunt
580 2400 592 2422 ,
635 2362 684 2412 <Sc
736 2357 927 2410 nullam
973 2372 1065 2424 pro
1109 2352 1392 2405 remiffione

103 2459 390 2519 animarum
419 2455 637 2508 facimus
663 2452 859 2503 miffam
889 2487 903 2508 ,
944 2447 1026 2497 sed
1053 2446 1240 2496 mortui
1270 2463 1390 2498 cum

105 2555 342 2608 crucibus
390 2550 440 2600 &
466 2544 780 2599 orationibus
806 2539 1118 2608 sepeliuntur
1167 2537 1219 2586 in
1248 2550 1386 2585 certo

114 2654 236 2706 loco
266 2687 280 2710 ,
310 2647 455 2719 super
482 2661 605 2717 quos
659 2651 887 2693 mortuos
915 2674 930 2697 ‚
960 2631 1212 2704 praecipue
1263 2627 1389 2676 inter

1235 2716 1356 2768 alias
