1931 3239
305 246 380 282 m:
411 239 600 279 BELLO
633 238 967 276 CAMBAICO
1000 241 1126 277 sEc.
1229 244 1330 298 353

75 352 137 404 de
166 351 278 421 ipsis
308 350 405 401 aris
430 348 481 399 δε
507 345 639 397 focis
663 359 895 416 ageretur
926 384 940 405 ,
982 346 1174 397 viribus
1196 348 1371 399 omni⁴

74 445 169 495 bus
194 438 434 493 adhibitis
463 476 476 498 ,
500 438 652 490 nostri
681 441 734 489 in
765 436 963 488 sacrarii
987 436 1184 488 fornice
1212 477 1224 497 ‚
1250 457 1366 489 mu-

72 552 185 588 rum
210 530 626 585 construxerunt.
669 532 842 598 Atque
882 531 952 581 ita
978 531 1175 601 templo
1227 531 1365 580 diui-

71 626 123 677 so
154 661 167 682 ,
203 623 290 674 alii
338 624 400 673 ab
435 623 550 672 aliis
597 622 859 689 intersepti
906 623 959 673 in
1010 623 1119 693 ipso
1161 622 1366 691 templo

65 717 280 786 quisque
317 733 409 785 pro
430 714 518 766 suo
542 715 640 765 ritu
683 714 821 765 sacra
854 714 1070 768 faciebat
1099 754 1113 776 ,
1157 716 1371 786 religio-

70 827 298 880 nemque
320 807 597 859 numinum
624 807 845 858 colebat.

273 990 1154 1011 ——nss

398 1189 910 1227 COMMENTARIVS
955 1191 1052 1225 111.

75 1359 190 1487 L
218 1358 541 1413 ITTERIS
569 1359 919 1432 Mascaregnae
947 1399 961 1421 ,
990 1379 1145 1430 opera
1178 1361 1376 1414 Hiero-

217 1451 360 1522 nymi
389 1449 612 1502 Menefii
656 1453 888 1522 praefecti
932 1455 1165 1523 praesidio
1189 1455 1377 1506 Bazai-

71 1549 128 1598 ni
160 1586 173 1607 ,
209 1546 382 1598 Goam
410 1545 591 1596 delatis
618 1583 633 1603 ‚
687 1548 873 1614 quibus
915 1548 1045 1599 arcis
1096 1548 1375 1599 discrimen

68 1640 412 1692 nunciabatur
443 1663 454 1693 t
483 1642 703 1705 Ioannes
759 1639 987 1695 Castrius
1015 1643 1206 1695 Prorex
1231 1639 1379 1692 omni

71 1732 233 1784 studio
290 1735 681 1804 quatuordecim
720 1735 951 1787 minores
982 1736 1161 1807 longas
1214 1753 1375 1786 naues

70 1832 301 1902 expediri
323 1834 471 1885 iuffit.
517 1833 622 1885 Cui
650 1835 783 1885 clafli
811 1834 1065 1886 Aluarum
1110 1834 1378 1886 Castrium·

81 1927 251 1978 filium
277 1926 425 1980 suurn
478 1927 726 1997 praefecit.
772 1928 825 1979 Is
853 1929 957 1979 diui
1012 1929 1191 1980 Iacobi
1242 1928 1375 1978 sole-

73 2017 188 2069 mni
219 2018 302 2068 die
327 2037 354 2068 e
377 2031 525 2088 portu
553 2016 722 2068 soluit.
758 2017 825 2069 Et
849 2037 1144 2088 quanquam
1171 2018 1374 2088 hyemis

72 2112 149 2163 vis
176 2113 285 2164 illie
311 2133 371 2164 eo
397 2127 630 2182 tempore
678 2113 901 2183 asperius
939 2114 1081 2166 saeuit
1113 2153 1128 2175 ,
1180 2115 1376 2167 nihilo-

73 2203 247 2254 minus
284 2216 460 2255 tamen
499 2203 721 2254 secundo
757 2216 911 2254 vento
937 2203 1227 2255 Bazainum
1251 2222 1376 2256 ena.-

74 2295 293 2366 uigauit.
338 2294 464 2364 QO
490 2296 544 2346 in
569 2296 686 2346 loco
715 2295 1047 2348 Franciscum
1075 2295 1376 2351 Meuefium

75 2393 264 2462 reperit
293 2429 306 2451 ,
334 2391 423 2460 qui
475 2391 554 2442 bis
581 2390 861 2442 infeliciter
895 2393 990 2443 iter
1039 2391 1328 2460 auspicatus
1356 2436 1372 2458 ,

75 2486 552 2555 difficilioribusque
588 2486 702 2538 vsus
728 2488 1111 2557 tempestatibus
1138 2526 1151 2547 ‚
1175 2488 1229 2538 in
1253 2506 1374 2556 por-

76 2595 189 2634 tum
234 2594 501 2633 remearat.
547 2579 706 2650 Qod
732 2583 828 2633 iter
856 2621 870 2642 ‚
899 2582 1105 2633 collatis
1133 2581 1186 2631 in
1214 2598 1376 2631 vnum

84 2674 312 2726 clastibus
336 2711 353 2736 ‚
390 2691 551 2745 quum
580 2670 1042 2746 faepiustentatum
1082 2669 1197 2721 esset
1225 2707 1240 2729 ,
1282 2684 1376 2718 nec

1148 2823 1159 2862 x
1246 2777 1337 2831 pl'O
