1931 3239
227 260 400 301 FIDES
427 252 678 297 RELIGIO
712 257 988 306 MORESQ
1017 260 1315 298 AETHIOP.
1369 269 1470 319 199

184 402 229 430 ‚,
259 363 494 419 Licanati
515 401 530 423 ‚
559 363 642 413 cui
671 381 864 414 nomen
885 383 913 413 a
941 361 1245 432 baptismate
1275 366 1342 415 est
1370 367 1476 417 Za-

184 505 225 528 „
251 483 313 535 ga
333 461 484 512 Zabo
505 498 519 518 ,
553 478 739 528 nempe
789 460 951 528 gratia
978 458 1135 528 patris
1164 497 1177 515 ‚
1227 459 1313 528 qui
1347 459 1476 509 defi-

182 597 221 621 „
248 555 389 607 deria
415 571 530 604 mea
552 571 727 604 coram
758 553 902 603 vobiS
925 551 1208 622 explicabit
1230 573 1241 602 :
1273 554 1322 604 &
1348 553 1473 605 item

180 688 218 710 ‚‚
245 648 307 699 ad
334 646 528 713 Papam
575 645 874 697 Romanum
928 645 1081 695 mitto
1128 642 1470 698 Franciscum

183 777 222 800 ,‚
249 737 467 790 Aluares
494 775 508 796 ‚
553 736 638 806 qui
691 735 903 787 nomine
930 754 1047 786 meo
1075 734 1271 802 praestet
1293 736 1473 787 obedi-

177 865 219 890 „
252 828 445 879 entiam
479 866 492 886 ‚
531 829 603 881 vti
633 828 817 880 iustum
854 829 940 880 est.
990 826 1042 880 O
1074 829 1311 881 Domine
1356 830 1473 882 Rex

179 960 218 983 ,‚
249 923 400 974 frater
426 925 501 974 mi
528 925 729 975 attende
752 964 765 984 ,
802 925 850 975 &
879 924 940 974 da
968 943 1174 994 operam
1202 924 1469 987 amicitiae,

179 1049 218 1072 „
249 1031 405 1080 quam
434 1014 568 1064 inter
596 1032 688 1064 nos
715 1027 856 1084 pater
879 1029 996 1065 tuus
1018 1015 1216 1082 aperuit
1240 1053 1253 1073 ‚
1294 1015 1343 1065 δι’
1361 1033 1471 1064 ere-

180 1145 222 1167 „
252 1109 345 1158 bro
380 1111 529 1158 mitte
569 1110 787 1160 nuncios
812 1148 826 1168 ,
869 1111 1140 1161 &litteras
1169 1149 1183 1169 ‚
1235 1130 1355 1162 nam
1389 1131 1473 1165 eas

182 1217 558 1270 „magnopere
602 1202 773 1252 videre
816 1201 1038 1250 desidero
1071 1239 1084 1259 ‚
1115 1201 1186 1250 vti
1235 1219 1262 1249 a
1310 1200 1471 1254 fratre

177 1329 220 1351 ‚,
250 1310 367 1341 meo
397 1330 410 1351 ‚
441 1310 558 1344 nam
586 1294 635 1343 id
662 1311 869 1362 aequum
896 1292 963 1343 est
992 1332 1005 1352 ‚
1053 1309 1173 1341 cum
1203 1293 1357 1342 ambo
1407 1294 1474 1343 si-

180 1421 195 1443 ,
215 1422 226 1444 ‚
251 1403 365 1434 mus
397 1383 712 1442 Christiani,
742 1386 790 1435 &
812 1383 989 1434 NIauri
1020 1421 1033 1441 ,
1065 1382 1152 1450 qui
1182 1382 1305 1431 mali
1337 1381 1469 1440 sunt,

180 1513 214 1535 „
247 1475 442 1547 semper
469 1478 522 1527 in
549 1476 633 1527 sua
663 1476 795 1527 secia
822 1473 1100 1526 concordes
1128 1474 1351 1523 existunt
1373 1511 1386 1530 ,
1422 1475 1472 1524 δί

177 1604 215 1627 ‚‚
244 1587 382 1619 nunc
406 1570 649 1639 profiteor
692 1587 775 1618 me
820 1568 958 1618 nolle
998 1566 1052 1615 in
1095 1565 1351 1634 posterum
1394 1565 1470 1615 ie-

175 1697 211 1721 „
249 1665 480 1732 gationes
534 1663 692 1732 Regis
720 1660 958 1730 AEgyptii
1005 1658 1277 1709 admittere
1308 1697 1322 1718 ,
1376 1677 1468 1709 nee

175 1791 212 1813 ‚‚
242 1755 460 1805 aliorum
486 1755 611 1805 item
636 1754 840 1823 Regum
863 1790 876 1810 ‚
914 1751 999 1820 qui
1037 1750 1202 1800 adme
1232 1748 1362 1817 saepe
1390 1751 1466 1799 10-

174 1880 211 1901 ³,
237 1856 381 1910 gatos
447 1848 754 1906 mittebant,
812 1845 895 1896 sed
941 1844 1107 1895 solum
1138 1841 1470 1892 Celfitndinis

173 1967 211 1990 υ
239 1944 338 1982 tuae
360 1971 373 1992 ,
420 1953 547 2002 quos
572 1938 746 1987 venire
768 1936 998 1986 maxime
1017 1947 1140 2000 opto
1161 1969 1175 1990 ‚
1219 1933 1471 2001 quoniam

173 2059 210 2082 ‚,
240 2023 410 2096 Reges
436 2026 614 2079 Mauri
655 2047 738 2079 me
764 2029 881 2080 loco
909 2028 1065 2078 amici
1093 2044 1197 2076 non
1227 2026 1419 2076 habent
1450 2066 1463 2087 ,

172 2153 209 2175 ‚,
240 2131 444 2187 propter
469 2118 759 2189 Religionis
788 2119 1139 2171 diffensionem
1160 2155 1174 2175 ,
1220 2114 1302 2165 sed
1332 2117 1467 2167 ami-

178 2248 214 2270 „
244 2211 420 2262 citiam
449 2211 687 2264 simulant
714 2253 726 2274 ‚
746 2228 800 2265 vt
828 2214 987 2264 tutius
1014 2214 1064 2264 δε
1087 2211 1300 2261 liberius
1330 2231 1470 2263 mer-

171 2339 207 2361 „
235 2317 464 2355 caturam
500 2305 554 2355 in
583 2306 759 2358 nostris
786 2308 955 2378 regnis
981 2317 1250 2355 exerceant
1279 2343 1291 2362 ‚
1334 2307 1466 2355 vnde

168 2431 205 2454 ‚,
234 2414 481 2466 magnum
507 2400 785 2450 comodum
813 2398 1217 2467 consequuntur.
1277 2396 1470 2467 Ingen-

167 2526 211 2549 ‚,
235 2502 339 2541 tem
366 2492 505 2541 enim
529 2492 638 2542 vim
664 2491 772 2542 auri
794 2529 808 2550 ,
840 2493 989 2561 cujus
1020 2489 1132 2539 sunt
1154 2485 1429 2538 avidissimi
1453 2519 1469 2540 ,

165 2617 203 2640 ‚,
231 2600 258 2631 e
281 2585 449 2651 regnis
477 2584 606 2634 meis
647 2595 921 2653 exportant
943 2621 957 2642 ,
999 2600 1118 2632 cum
1149 2598 1333 2648 parurn
1365 2579 1467 2628 mi-

159 2710 200 2736 „
229 2674 282 2725 hi
310 2673 402 2727 sint
430 2677 625 2737 amici,
666 2676 1019 2749 &fommoda
1047 2690 1227 2726 eorum
1264 2670 1464 2721 nu’alam

732 2766 773 2819 P
1366 2776 1467 2810 mi.-
