1931 3239
383 234 403 252 ’
531 230 993 271 HISPANIA
1306 237 1374 289 79

137 340 195 397 lo
220 341 482 395 deteriores
512 337 636 396 illis,
659 338 746 406 qui
771 337 818 390 se
839 337 987 389 furtis
1014 335 1262 385 librorum
1287 354 1412 386 ven-

137 438 299 488 ditant
322 471 334 492 ,
389 430 711 483 existimandi
765 431 900 485 sunt.
979 429 1149 481 Edunt
1217 427 1414 477 sortall'e

140 526 350 594 Hispani
387 542 543 593 pauca
570 561 583 581 ,
614 521 696 572 sed
740 523 895 574 edunt
942 522 1025 573 sua
1056 559 1068 579 ‚
1111 537 1202 570 nec
1225 517 1414 568 falsarii

122 623 229 682 ‚hae
251 619 302 668 in
326 631 498 684 parte,
555 631 646 664 nec
677 612 812 662 fures
848 648 862 669 ‚
926 611 1095 677 estque
1139 609 1288 659 nobis
1331 607 1419 659 ista

136 711 355 761 modesta
384 707 631 761 scribendi
658 706 789 757 ratio
839 723 966 756 cum
1004 702 1150 754 Italis
1176 719 1418 753 commu-

136 805 250 855 nis.
298 804 425 856 Non
471 801 654 853 incesso
699 799 855 851 vllam
893 810 1138 868 gentem:
1168 815 1418 865 quorum-

148 895 267 944 dam
301 896 424 948 vitia
458 906 659 944 tantum
713 891 911 960 attingo
935 928 948 950 ‚
994 891 1043 941 &
1070 890 1156 959 qui
1193 889 1253 939 de
1278 888 1418 940 vitiis

154 983 259 1036 suis
324 986 461 1056 genti
503 984 604 1035 suae
649 983 861 1054 gloriam
893 1021 908 1042 ,
967 983 1079 1033 aliis
1125 981 1421 1033 nationibus

148 1079 391 1142 probrum
416 1079 748 1128 concinnant.
792 1074 987 1126 Habuit
1015 1076 1106 1126 hac
1129 1074 1423 1144 tempestate

146 1167 322 1219 Gallia
367 1169 613 1219 Budaeum
660 1171 735 1227 ,δε
768 1168 993 1218 Fabrum
1037 1167 1418 1239 Stapulensem,

155 1260 202 1310 ἃ
233 1261 358 1310 alios
397 1259 535 1309 viros
565 1261 741 1310 doelos
770 1298 781 1318 ,
809 1259 891 1309 sed
916 1261 1108 1310 habuit.
1154 1258 1423 1311 Conuixe-

153 1367 270 1406 runt
340 1353 492 1404 etiam
534 1352 635 1403 istis
681 1353 914 1403 nonnulli
960 1353 1177 1421 Hispani
1218 1353 1426 1404 illorum

155 1445 443 1498 eruditione
488 1464 593 1497 non
637 1446 787 1513 plane
827 1444 1096 1495 inferiores
1131 1483 1144 1504 ‚
1198 1463 1416 1514 quorum

149 1540 361 1589 nomina
383 1577 395 1598 ‚
419 1556 538 1588 cum
565 1536 771 1606 cognita
792 1536 906 1594 s1nt,
934 1549 1195 1605 praetereo.
1229 1534 1433 1585 Habuit.

141 1645 343 1694 quoque
370 1625 653 1678 Germania
700 1624 969 1675 Erasmum
1003 1663 1013 1682 ,
1062 1623 1141 1675 sed
1186 1626 1408 1677 habuit:

141 1720 322 1771 habuit
350 1718 683 1788 Longollium
704 1754 715 1773 ‚
755 1716 933 1765 ambos
962 1713 1180 1765 Batauos
1207 1753 1219 1774 ‚
1261 1735 1416 1785 quam

152 1810 477 1879 prouinciam
502 1808 738 1859 nonnulli
775 1825 867 1858 nec
896 1809 949 1858 in
977 1806 1260 1861 Germania
1289 1847 1303 1868 ‚
1328 1827 1422 1859 nee

148 1901 207 1952 in
249 1901 427 1952 Gallia
471 1900 803 1950 constituunt.
847 1897 943 1948 Sed
990 1898 1048 1948 fit
1088 1898 1426 1961 Germaniae,

157 1989 236 2039 vel
266 1988 453 2041 Galliae
484 2027 496 2048 ‚
550 1990 753 2041 fuerunt
793 1988 869 2039 isti
896 1990 988 2040 viri
1021 2008 1322 2043 ornamenta
1347 1994 1425 2044 in-

145 2084 520 2152 comparabilia
542 2083 741 2135 suarum
761 2081 1016 2134 Gentium
1047 2123 1059 2144 ,
1081 2085 1164 2137 sed
1191 2086 1424 2141 fuerunt:

155 2180 232 2230 ita
258 2180 408 2230 nobis
436 2198 638 2249 quoque
661 2179 974 2245 Quintiliani
1007 2220 1019 2240 ,
1049 2180 1249 2235 Senecae
1281 2223 1293 2244 ,
1316 2186 1431 2237 alii-

155 2289 256 2340 que
292 2272 552 2322 innumeri
589 2270 748 2321 fuere.
774 2268 1023 2324 Praeteriti
1051 2275 1297 2343 temporis
1334 2277 1426 2337 est,

167 2364 305 2431 quod
353 2364 621 2433 utrobique
665 2383 754 2432 pro
813 2366 975 2436 gloria
1015 2367 1231 2419 iaetatur
1268 2407 1281 2428 ‚
1336 2371 1429 2422 nisi

159 2457 314 2507 nobis
357 2455 576 2526 allegent
603 2456 901 2528 Philippum
931 2459 1443 2519 Mellanchthonem,

139 2550 376 2600 columen
433 2548 748 2603 Germaniae.
796 2550 980 2605 Fateor
1005 2572 1123 2605 eum
1176 2554 1270 2604 hoc
1300 2567 1431 2603 tem-

148 2658 274 2711 pore
302 2661 420 2696 cum
453 2644 556 2697 illis
582 2645 807 2714 antiquis
837 2646 1086 2717 Hispanis
1128 2649 1180 2698 in
1225 2663 1429 2698 arenam

1172 2739 1377 2790 descen-
