1915 3190
504 187 609 258 384
829 203 1324 241 IOANNISIH.

469 306 601 358 sunt.
644 306 786 357 Na'm
809 308 859 358 δε
887 308 1189 359 Maurorum
1229 321 1436 379 gentem
1467 347 1480 369 ,
1529 304 1757 378 ipserum

467 402 671 469 regibus
700 399 938 468 superatis
965 437 976 458 ‚
1057 400 1305 469 Hispania
1333 404 1633 471 expulerunt
1657 426 1669 455 z
1715 407 1766 457 &

469 492 798 543 Mauritaniae
825 493 1010 559 oppida
1038 529 1050 550 ,
1076 492 1313 561 arcesque
1368 494 1720 545 munitissimas
1744 532 1759 554 ‚

465 591 602 629 trans
631 581 812 630 fretum
841 578 1155 629 Herculeum
1180 618 1192 638 ,
1215 577 1602 650 expugnarunt:
1634 600 1753 648 quae

467 671 516 720 δε
544 672 693 723 hodie
743 673 918 723 nostrae
969 673 1177 723 ditionis
1232 673 1382 733 sunt,
1421 673 1762 742 praesidiisque

469 762 651 812 validis
718 775 971 813 tenentur.
1035 762 1194 812 Porro
1264 763 1427 812 feiicis
1494 763 1761 814 memoriae

471 854 783 904 Emmanuei
812 855 921 903 Rex
952 891 964 910 ,
1011 865 1152 918 pater
1178 870 1320 902 meus
1351 890 1363 910 ,
1394 871 1498 903 non
1541 854 1610 904 sat
1663 853 1755 904 ha-

473 946 596 992 bens
629 979 642 999 ‚
685 940 909 1009 egregias
930 941 1002 1009 ,δε
1026 939 1190 1007 ipsum
1218 941 1278 989 de
1308 938 1488 989 Africa
1513 942 1754 993 vi&orias

465 1038 731 1106 reportafle
760 1074 773 1094 ,
834 1051 952 1085 cum
1006 1033 1330 1086 Atlanticum
1381 1051 1520 1085 mare
1556 1072 1568 1091 ‚
1615 1050 1764 1089 antea

471 1133 710 1200 ignotum
742 1168 754 1189 ‚
820 1130 1254 1197 antiquorumque
1304 1130 1459 1181 modo
1510 1129 1695 1182 fabulis
1742 1172 1758 1194 ,

473 1221 831 1290 miraculisque
859 1220 1170 1273 celebratum
1201 1258 1214 1279 ,
1259 1219 1487 1272 clastibus
1536 1224 1764 1291 aperuis-

474 1318 545 1368 set
576 1356 589 1376 ,
623 1319 638 1374 ιζ
666 1318 717 1367 in
747 1335 847 1385 quo
874 1316 1243 1366 nonnullorum
1271 1314 1524 1365 maiorum
1554 1315 1765 1367 suorum

468 1414 766 1481 exemplum
818 1412 1056 1481 sequutus
1099 1410 1210 1476 est)
1261 1396 1602 1480 magnamque
1653 1410 1763 1463 Ae-

469 1507 677 1575 thiopiae
722 1505 960 1555 littoralis
1035 1516 1230 1573 partem
1283 1503 1492 1554 inuieHs
1543 1504 1759 1554 ducibus

469 1597 765 1667 peragrasset
797 1635 810 1656 ,
852 1599 911 1647 ad
940 1596 1193 1666 fidemque
1221 1595 1408 1646 Christi
1439 1595 1716 1646 instituisset
1748 1616 1765 1647 τ

473 1689 690 1739 nauibus
717 1689 896 1739 deinde
927 1726 940 1747 ,
980 1689 1312 1757 exercituque
1358 1687 1419 1736 ad
1447 1704 1584 1738 mare
1610 1686 1763 1756 Vsque

470 1785 678 1833 rubrum
733 1820 746 1840 ‚
800 1799 857 1832 ae
909 1780 1126 1832 Perfiam
1175 1819 1188 1840 ‚
1235 1794 1497 1848 totamque
1552 1778 1762 1830 Indiam

473 1871 778 1923 transue'dtis
811 1909 824 1930 ,
868 1873 971 1922 iam
1023 1885 1203 1923 notum
1249 1871 1317 1921 est
1362 1871 1602 1920 omnibus
1643 1868 1769 1936 quid

470 1964 664 2034 gefferit
705 2002 718 2024 ‚
739 1977 863 2032 quot
889 1965 1108 2035 populos
1139 2002 1153 2024 ‚
1181 1966 1352 2023 vrbeS,
1376 1980 1517 2032 reges
1548 2000 1562 2022 ,
1592 1962 1643 2012 in
1672 1963 1762 2011 de-

475 2059 726 2108 ditionem
774 2057 913 2109 suam
962 2058 1225 2128 redegerit.
1272 2058 1335 2109 In
1384 2058 1569 2124 quibus
1595 2055 1771 2107 omni-

479 2156 574 2203 bus
603 2171 717 2201 vera
743 2151 792 2202 &
820 2153 1099 2203 immortali
1127 2153 1289 2222 gloria
1316 2151 1628 2221 digniffimus
1647 2167 1770 2199 cen-

478 2238 657 2290 sendus
727 2242 832 2293 est:
878 2261 997 2292 cum
1048 2245 1113 2296 ob
1167 2243 1215 2292 id
1267 2243 1405 2311 quod
1457 2240 1720 2292 inaccessas
1751 2277 1803 2299 ,K

478 2343 628 2397 atque
682 2331 969 2398 incognitas
1013 2347 1160 2384 antea
1189 2372 1203 2393 ,
1254 2348 1365 2384 tum
1415 2333 1528 2383 caeli
1563 2370 1577 2390 ‚
1623 2344 1769 2382 terrae

481 2422 732 2492 marisque
778 2424 946 2492 piagas
998 2427 1190 2491 primus
1219 2427 1459 2476 omnium
1512 2437 1657 2474 notas
1690 2424 1769 2475 fe-

485 2517 611 2566 cerit
643 2537 657 2578 ς
687 2532 796 2568 tum
841 2533 959 2565 vero
988 2521 1122 2584 quod
1149 2521 1384 2590 princeps
1412 2517 1767 2576 Christianiffi-

484 2625 598 2661 mus
648 2608 710 2659 ad
759 2607 931 2665 nuile,
973 2608 1337 2678 ecciefiamque
1381 2607 1640 2664 Domini,
1690 2617 1770 2657 tot

1621 2717 1732 2750 ani-
