1931 3239
547 223 1003 262 HISPANIA
1330 234 1395 288 91

262 328 444 399 QVOD
471 329 534 379 ad
562 347 736 381 carnes
782 342 955 380 autern
1020 327 1212 400 spe&at
1243 367 1258 388 ,
1302 337 1437 384 veri-

155 439 213 474 us
240 421 344 489 ipsa
387 420 592 471 veritate
627 419 728 479 est,
785 438 888 471 non
943 432 1144 471 tantum
1186 422 1241 471 in
1270 420 1444 474 Galli-

153 531 237 563 am
277 530 340 562 ex
366 509 614 582 Hispania
675 514 831 563 boues
858 549 872 570 ,
925 510 1007 562 fed
1026 531 1268 582 magnam
1310 532 1442 583 quo-

154 623 253 673 que
276 605 557 655 multorum
590 606 795 675 copiam
835 604 982 654 educi
1015 643 1028 664 ,
1070 625 1227 674 equos
1251 609 1407 661 etiam
1429 650 1444 672 ‚

126 728 129 731 >
155 697 238 748 sed
267 698 445 747 furtim
480 734 494 757 ‚
531 700 596 748 ob
625 697 830 767 Regum
857 697 1044 748 edieta.
1104 699 1324 770 Reliqua
1354 723 1446 755 au-

151 801 259 839 tem
298 808 409 857 quae
440 788 714 858 sequuntur
745 827 759 848 ,
795 789 964 839 futilia
1009 789 1124 839 sunt
1161 829 1174 849 ,
1205 791 1443 863 indigna-

150 898 249 949 que
295 894 433 931 tanta
494 882 898 950 comparationffi
943 879 1059 931 Nec
1102 882 1198 932 hoc
1228 899 1447 935 conten-

150 987 233 1026 tus
279 973 574 1025 Munsterus
603 1013 616 1034 ,
658 988 711 1025 v·t
737 993 824 1044 per
851 974 1027 1024 omnia
1083 975 1232 1027 suurn
1260 978 1440 1029 aueto-

152 1070 264 1116 rem'
312 1067 718 1117 Villanouanum
759 1066 1048 1137 sequeretur
1085 1106 1097 1126 ‚
1124 1069 1446 1122 stomachum

153 1161 208 1211 in
237 1161 496 1228 Hispanos
541 1161 792 1210 euomuit.
848 1159 1021 1210 Credo
1083 1180 1135 1210 re
1179 1181 1296 1212 vera
1324 1181 1447 1215 eum

154 1269 525 1318 nonnunquam
554 1252 614 1300 ab
642 1250 813 1317 aliquo
841 1248 1201 1318 Hispanorum
1259 1252 1448 1304 iniuria

150 1347 321 1414 aliqua
342 1345 615 1394 laceffitum
637 1343 799 1400 fuisse,
828 1361 949 1394 cum
972 1343 1035 1395 sic
1078 1344 1130 1394 in
1157 1362 1244 1395 eos
1278 1346 1445 1396 verbis

150 1441 509 1491 debacchetur.
555 1438 646 1489 Ait
719 1440 858 1489 enim
916 1440 1126 1508 frugalis
1168 1440 1282 1490 vitae
1333 1440 1447 1492 sunt

145 1531 371 1599 ‘Hispani
399 1570 411 1589 ,
442 1531 564 1580 ficut
603 1531 653 1580 δε
683 1529 804 1580 Itali
855 1531 872 1599 (
902 1531 1059 1580 etiam
1092 1530 1253 1580 Italos
1279 1533 1448 1583 noluit

150 1622 412 1673 immunes
451 1642 479 1672 a
507 1622 594 1672 suo
622 1623 895 1672 temerario
920 1621 1114 1670 iudicio
1145 1621 1162 1686 )
1198 1640 1303 1672 nec
1334 1636 1447 1674 tan-

143 1726 262 1766 tum
290 1716 392 1767 cibi
436 1716 485 1766 ὃς
510 1729 660 1785 potus
695 1755 705 1775 ,
752 1730 804 1766 vt
874 1713 1019 1766 Galli
1059 1717 1108 1767 &
1156 1713 1446 1778 Germani,

151 1809 472 1862 absumentes
508 1850 521 1870 ,
563 1812 653 1862 nisi
674 1813 767 1862 sint
817 1812 1023 1862 invitati
1057 1833 1067 1861 ε
1101 1831 1222 1862 nam
1249 1826 1370 1863 tunc
1398 1811 1449 1862 se

151 1905 215 1954 ad
260 1903 573 1953 saturitatem
616 1905 825 1973 explent
896 1905 1082 1954 eduliis
1114 1943 1128 1962 ,
1182 1906 1302 1971 quia
1338 1923 1448 1955 rara

151 1996 226 2046 eis
263 1996 312 2045 &
363 1995 554 2043 maiore
586 1995 829 2044 auiditate
897 1996 1137 2044 accidunt
1180 1995 1443 2045 conuiuia.

153 2084 375 2154 Elegans
395 2083 623 2135 scomma
652 2123 665 2144 ,
687 2086 736 2135 δί
775 2086 988 2154 dignum
1038 2087 1177 2154 quod
1205 2101 1449 2157 topogra-

152 2178 288 2250 phiis
319 2178 700 2246 prouinciarum
749 2178 993 2228 inseratur
1018 2217 1030 2238 ‚
1071 2180 1207 2248 quasi
1259 2181 1447 2233 Gallo-

154 2287 274 2324 rum
315 2271 364 2318 δε
411 2266 799 2319 Germanorum
851 2269 1093 2320 conuiuia
1124 2309 1136 2329 ,
1188 2269 1450 2339 splendida

153 2360 302 2428 plane
345 2359 394 2409 δε
421 2359 630 2427 opipara
655 2357 748 2409 fint
788 2359 1037 2410 habenda.
1101 2358 1232 2409 Satis
1264 2361 1335 2410 ibi
1370 2364 1447 2413 ci-

153 2456 338 2505 borum
359 2454 406 2502 δι’
427 2468 575 2522 potus
595 2492 608 2513 ,
639 2453 717 2504 sed
745 2456 937 2506 externi
1003 2457 1238 2507 homines
1263 2475 1363 2507 non
1386 2459 1447 2506 de

147 2547 301 2616 ‘copia
325 2547 564 2613 conqueri
591 2545 747 2597 solent
770 2585 784 2606 ,
839 2547 923 2598 sed
965 2549 1025 2598 de
1046 2550 1244 2600 lautitia
1269 2549 1316 2599 ἃ
1342 2547 1445 2597 ele-

153 2640 347 2709 gantia.
393 2639 490 2691 Sed
531 2639 752 2693 sinamus
805 2660 1229 2713 vnumquemque
1283 2640 1447 2709 patrio

677 2734 738 2792 H
1252 2749 1401 2787 more
