1998 3272
353 299 358 314 ·
397 284 743 328 onsIPONIs
789 287 1162 334 DESCRIPTIO
1414 312 1446 366 f·

187 397 863 471 grauioribusincommodis
893 418 1265 471 premerentur,
1296 426 1452 478 quam

178 511 290 564 quae
328 494 382 544 in
409 494 475 544 iis
502 497 698 564 experti
749 497 901 549 essent
931 539 945 560 ,
992 517 1215 568 quorum
1255 504 1402 558 litora
1430 547 1443 570 ,
1479 587 1483 590 Β

176 582 451 652 portusque
488 597 633 635 antea
677 588 971 657 tetigissent.
1030 590 1150 659 Qia
1176 613 1227 645 re
1252 610 1449 650 mature

176 691 271 743 pro
310 693 479 727 rerum
507 676 747 730 facultate
774 720 788 740 ,
827 683 877 733 «Sc
915 685 1189 751 prudenter
1215 691 1446 744 animad-

177 768 320 818 uersa
341 807 355 828 ‚
398 784 595 822 mutata
623 772 964 826 velificatione
986 814 999 836 ‚
1050 779 1103 827 in
1133 779 1448 838 Lusitaniam

175 872 521 911 reuertuntur.
567 860 630 912 Id
673 882 793 915 vero
844 867 1020 919 diuino
1065 875 1237 938 potius
1292 898 1448 947 quam

176 952 405 1002 humano
431 953 642 1006 consilio
681 959 911 1010 accidiffe
944 965 1245 1019 crediderim
1271 1009 1283 1030 ,
1314 974 1451 1041 quod

174 1040 363 1093 deuizffi
395 1029 592 1096 Oceani
619 1049 808 1116 gloria,
851 1051 1023 1104 futuro
1050 1057 1175 1127 Regi
1208 1062 1401 1131 integra
1437 1103 1450 1124 ,

177 1127 283 1179 fato
323 1133 543 1199 quodam
567 1173 581 1194 ,
602 1137 890 1210 intactaque
911 1144 1147 1199 reseruari
1175 1152 1445 1206 videretur.

313 1221 513 1274 Interea
558 1229 764 1294 quidem
817 1253 870 1282 te
938 1236 1133 1290 infecta
1163 1280 1177 1299 ‚
1232 1244 1450 1298 Ioannes

180 1310 295 1362 Rex
341 1317 562 1368 moritur
605 1357 620 1378 ,
657 1322 903 1390 nouisque
954 1347 1122 1381 rerum
1172 1343 1450 1392 momentis

180 1406 568 1456 occurrentibus
596 1445 610 1466 ‚
640 1410 711 1459 vti
749 1424 860 1463 tum
903 1421 1131 1470 maxime
1183 1424 1289 1476 fieri
1324 1447 1450 1480 con-

180 1491 371 1552 sueuit,
418 1493 727 1548 Emmanuel
763 1500 1003 1571 Regnum
1046 1509 1297 1582 suscepit:
1346 1520 1446 1570 sta-

181 1581 381 1649 timque
416 1585 624 1636 biennio
661 1588 923 1658 postquam
954 1598 1095 1664 regni
1133 1604 1450 1669 gubernacu-

179 1670 231 1720 la
261 1670 541 1742 suscepisset
570 1715 585 1738 ‚
629 1698 749 1731 cum
778 1686 951 1735 omnia
985 1689 1126 1742 domi
1154 1730 1170 1752 ,
1195 1693 1415 1766 forisque
1438 1740 1451 1760 ‚

178 1780 212 1812 a
231 1762 465 1818 finitimis
491 1767 721 1838 Regibus
746 1785 855 1825 tuta
882 1776 998 1828 satis
1028 1817 1042 1839 ,
1064 1800 1120 1832 ac
1146 1802 1319 1853 pacata
1344 1807 1453 1840 cer-

181 1851 322 1906 neret
349 1895 363 1916 ,
407 1861 546 1925 quod
585 1880 615 1911 a
640 1862 739 1914 suis
774 1869 1054 1922 maioribus
1079 1891 1226 1928 antea
1251 1879 1453 1931 summo

183 1945 348 1996 studio
395 1950 592 2001 factum
633 1956 726 2005 effe
753 1960 958 2011 videbat
985 2001 997 2020 ,
1025 1965 1077 2014 in
1099 1967 1320 2036 idipsum
1342 1977 1452 2023 ani-

185 2054 332 2088 mum
385 2040 548 2106 coepit
589 2043 867 2099 intendere.
912 2049 1049 2102 Tres
1091 2057 1244 2125 igitur
1287 2068 1451 2130 parari

186 2140 342 2176 naues
372 2166 386 2187 ,
430 2146 488 2178 ac
534 2132 706 2185 instrui
757 2138 897 2191 iubet
927 2177 940 2198 ‚
992 2146 1176 2210 quibus
1227 2150 1450 2209 Vascum

188 2213 473 2272 Gammam
498 2260 513 2282 ,
539 2241 721 2292 genere
750 2228 1078 2295 Lusitanum,
1105 2242 1341 2306 equestris
1369 2267 1453 2300 01-

188 2306 324 2359 dinis
370 2311 536 2364 virum
574 2317 823 2383 praefecit.
868 2322 975 2392 Qui
1020 2337 1329 2400 comparatis
1372 2359 1453 2390 re-

188 2400 283 2450 bus
309 2405 548 2458 omnibus
590 2410 700 2478 quae
724 2415 784 2463 ad
806 2428 910 2466 tam
934 2418 1145 2491 longam
1172 2428 1454 2494 prosc-&io-

188 2507 309 2540 nem
370 2495 645 2550 neceffariae
700 2503 1000 2559 videbantur
1038 2549 1051 2570 ‚
1102 2517 1286 2570 oe‘tauo
1334 2522 1455 2577 Idus

193 2579 319 2631 Iuni
362 2603 498 2636 anuo
538 2588 832 2647 Dominicae
882 2598 1256 2662 Incarnationis
1287 2615 1455 2666 mille-

188 2669 316 2724 fimo
343 2685 706 2740 trecenteffimo
731 2697 1058 2765 nonagesimo
1078 2702 1314 2774 septime,
1342 2712 1454 2761 ido-

1260 2820 1417 2857 neum
