<?xml version="1.0" encoding="UTF-8"?>
<!DOCTYPE html PUBLIC "-//W3C//DTD XHTML 1.0 Transitional//EN"
    "http://www.w3.org/TR/xhtml1/DTD/xhtml1-transitional.dtd">
<html xmlns="http://www.w3.org/1999/xhtml" xml:lang="en" lang="en">
 <head>
  <title>
</title>
<meta http-equiv="Content-Type" content="text/html;charset=utf-8" />
  <meta name='ocr-system' content='tesseract 3.04.00' />
  <meta name='ocr-capabilities' content='ocr_page ocr_carea ocr_par ocr_line ocrx_word'/>
</head>
<body>
  <div class='ocr_page' id='page_1' title='image "./damianigoesopusc00gi_0323.png"; bbox 0 0 1931 3239; ppageno 0'>
   <div class='ocr_carea' id='block_1_1' title="bbox 197 211 1407 283">
    <p class='ocr_par' dir='ltr' id='par_1_1' title="bbox 197 211 1407 283">
     <span class='ocr_line' id='line_1_1' title="bbox 197 211 1407 283; baseline -0.005 -12"><span class='ocrx_word' id='word_1_1' title='bbox 197 211 594 270; x_wconf 68' lang='lat' dir='ltr'>DEPLORA‘mo</span> <span class='ocrx_word' id='word_1_2' title='bbox 631 226 954 261; x_wconf 74' lang='lat' dir='ltr'>LAPPIANAE</span> <span class='ocrx_word' id='word_1_3' title='bbox 984 225 1224 263; x_wconf 62' lang='lat' dir='ltr'>emeris.</span> <span class='ocrx_word' id='word_1_4' title='bbox 1303 214 1407 283; x_wconf 76' lang='lat'>289</span> 
     </span>
    </p>
   </div>
   <div class='ocr_carea' id='block_1_2' title="bbox 98 331 1420 2779">
    <p class='ocr_par' dir='ltr' id='par_1_2' title="bbox 98 331 1420 2779">
     <span class='ocr_line' id='line_1_2' title="bbox 137 331 1407 398; baseline -0.007 -9"><span class='ocrx_word' id='word_1_5' title='bbox 137 339 349 389; x_wconf 82' lang='lat' dir='ltr'>minime</span> <span class='ocrx_word' id='word_1_6' title='bbox 381 345 565 384; x_wconf 84' lang='lat' dir='ltr'>norunt</span> <span class='ocrx_word' id='word_1_7' title='bbox 590 369 602 389; x_wconf 91' lang='lat'><em>,</em></span> <span class='ocrx_word' id='word_1_8' title='bbox 634 331 683 380; x_wconf 92' lang='lat' dir='ltr'>id</span> <span class='ocrx_word' id='word_1_9' title='bbox 710 331 916 398; x_wconf 87' lang='lat' dir='ltr'>quidem</span> <span class='ocrx_word' id='word_1_10' title='bbox 942 368 954 389; x_wconf 92' lang='lat'>,</span> <span class='ocrx_word' id='word_1_11' title='bbox 983 342 1032 380; x_wconf 84' lang='lat' dir='ltr'>vt</span> <span class='ocrx_word' id='word_1_12' title='bbox 1053 331 1407 387; x_wconf 77' lang='lat' dir='ltr'>amultiS,tum</span> 
     </span>
     <span class='ocr_line' id='line_1_3' title="bbox 133 424 1401 494; baseline -0.011 -9"><span class='ocrx_word' id='word_1_13' title='bbox 133 434 298 489; x_wconf 83' lang='lat' dir='ltr'>bonis,</span> <span class='ocrx_word' id='word_1_14' title='bbox 316 443 425 479; x_wconf 90' lang='lat' dir='ltr'>tum</span> <span class='ocrx_word' id='word_1_15' title='bbox 447 427 545 476; x_wconf 88' lang='lat' dir='ltr'>fide</span> <span class='ocrx_word' id='word_1_16' title='bbox 570 427 738 494; x_wconf 79' lang='lat' dir='ltr'>dignis</span> <span class='ocrx_word' id='word_1_17' title='bbox 765 425 906 483; x_wconf 77' lang='lat' dir='ltr'>viris,</span> <span class='ocrx_word' id='word_1_18' title='bbox 934 426 1054 474; x_wconf 87' lang='lat' dir='ltr'>dum</span> <span class='ocrx_word' id='word_1_19' title='bbox 1083 425 1133 473; x_wconf 88' lang='lat' dir='ltr'>in</span> <span class='ocrx_word' id='word_1_20' title='bbox 1156 424 1257 472; x_wconf 70' lang='lat' dir='ltr'>illis</span> <span class='ocrx_word' id='word_1_21' title='bbox 1282 442 1401 490; x_wconf 80' lang='lat' dir='ltr'>pro-</span> 
     </span>
     <span class='ocr_line' id='line_1_4' title="bbox 131 515 1405 585; baseline -0.008 -13"><span class='ocrx_word' id='word_1_22' title='bbox 131 522 313 572; x_wconf 88' lang='lat' dir='ltr'>vinciis</span> <span class='ocrx_word' id='word_1_23' title='bbox 351 518 570 568; x_wconf 78' lang='lat' dir='ltr'>versarer</span> <span class='ocrx_word' id='word_1_24' title='bbox 600 555 612 576; x_wconf 94' lang='lat'><em>,</em></span> <span class='ocrx_word' id='word_1_25' title='bbox 665 518 729 566; x_wconf 91' lang='lat' dir='ltr'>ob</span> <span class='ocrx_word' id='word_1_26' title='bbox 774 515 1114 585; x_wconf 83' lang='lat' dir='ltr'>turpiffimum</span> <span class='ocrx_word' id='word_1_27' title='bbox 1168 515 1405 584; x_wconf 73' lang='lat' dir='ltr'>praelato-</span> 
     </span>
     <span class='ocr_line' id='line_1_5' title="bbox 129 608 1414 678; baseline -0.009 -13"><span class='ocrx_word' id='word_1_28' title='bbox 129 633 242 666; x_wconf 83' lang='lat' dir='ltr'>rum</span> <span class='ocrx_word' id='word_1_29' title='bbox 268 652 281 672; x_wconf 93' lang='lat'>,</span> <span class='ocrx_word' id='word_1_30' title='bbox 328 615 376 664; x_wconf 87' lang='lat'>&amp;</span> <span class='ocrx_word' id='word_1_31' title='bbox 405 612 658 663; x_wconf 75' lang='lat' dir='ltr'>nobilium</span> <span class='ocrx_word' id='word_1_32' title='bbox 701 610 943 678; x_wconf 84' lang='lat' dir='ltr'>quaestum</span> <span class='ocrx_word' id='word_1_33' title='bbox 974 649 986 669; x_wconf 87' lang='lat'><em>,</em></span> <span class='ocrx_word' id='word_1_34' title='bbox 1040 628 1096 659; x_wconf 87' lang='lat' dir='ltr'>ac</span> <span class='ocrx_word' id='word_1_35' title='bbox 1147 608 1414 658; x_wconf 80' lang='lat' dir='ltr'>avaritiam</span> 
     </span>
     <span class='ocr_line' id='line_1_6' title="bbox 116 695 1412 758; baseline -0.006 -2"><span class='ocrx_word' id='word_1_36' title='bbox 116 695 355 758; x_wconf 38' lang='lat' dir='ltr'>‘accidere</span> <span class='ocrx_word' id='word_1_37' title='bbox 384 704 633 754; x_wconf 81' lang='lat' dir='ltr'>intellexi.</span> <span class='ocrx_word' id='word_1_38' title='bbox 665 704 809 754; x_wconf 90' lang='lat' dir='ltr'>Nam</span> <span class='ocrx_word' id='word_1_39' title='bbox 850 705 883 754; x_wconf 86' lang='lat' dir='ltr'>s1</span> <span class='ocrx_word' id='word_1_40' title='bbox 905 701 1184 753; x_wconf 84' lang='lat' dir='ltr'>Christiani</span> <span class='ocrx_word' id='word_1_41' title='bbox 1227 700 1412 757; x_wconf 57' lang='lat' dir='ltr'>effers,</span> 
     </span>
     <span class='ocr_line' id='line_1_7' title="bbox 129 794 1412 866; baseline -0.007 -15"><span class='ocrx_word' id='word_1_42' title='bbox 129 800 276 850; x_wconf 90' lang='lat' dir='ltr'>liberi</span> <span class='ocrx_word' id='word_1_43' title='bbox 307 798 459 849; x_wconf 80' lang='lat' dir='ltr'>effent</span> <span class='ocrx_word' id='word_1_44' title='bbox 487 800 548 848; x_wconf 86' lang='lat' dir='ltr'>ab</span> <span class='ocrx_word' id='word_1_45' title='bbox 592 798 695 848; x_wconf 87' lang='lat' dir='ltr'>illis</span> <span class='ocrx_word' id='word_1_46' title='bbox 723 797 1145 866; x_wconf 61' lang='lat' dir='ltr'>vectigalibus,&amp;</span> <span class='ocrx_word' id='word_1_47' title='bbox 1166 794 1373 844; x_wconf 85' lang='lat' dir='ltr'>tributis</span> <span class='ocrx_word' id='word_1_48' title='bbox 1398 829 1412 851; x_wconf 85' lang='lat'><em>,</em></span> 
     </span>
     <span class='ocr_line' id='line_1_8' title="bbox 126 874 1414 954; baseline -0.005 -17"><span class='ocrx_word' id='word_1_49' title='bbox 126 887 312 954; x_wconf 89' lang='lat' dir='ltr'>quibus</span> <span class='ocrx_word' id='word_1_50' title='bbox 340 886 428 954; x_wconf 79' lang='lat' dir='ltr'>ipsi</span> <span class='ocrx_word' id='word_1_51' title='bbox 449 924 462 945; x_wconf 89' lang='lat'><em>‚</em></span> <span class='ocrx_word' id='word_1_52' title='bbox 491 899 542 936; x_wconf 93' lang='lat' dir='ltr'>vt</span> <span class='ocrx_word' id='word_1_53' title='bbox 567 885 803 944; x_wconf 86' lang='lat' dir='ltr'>Ethnici,</span> <span class='ocrx_word' id='word_1_54' title='bbox 828 885 1111 934; x_wconf 84' lang='lat' dir='ltr'><strong>multantur</strong></span> <span class='ocrx_word' id='word_1_55' title='bbox 1130 922 1142 942; x_wconf 94' lang='lat'>,</span> <span class='ocrx_word' id='word_1_56' title='bbox 1172 874 1414 932; x_wconf 84' lang='lat' dir='ltr'>nobilitas</span> 
     </span>
     <span class='ocr_line' id='line_1_9' title="bbox 126 971 1416 1046; baseline -0.005 -18"><span class='ocrx_word' id='word_1_57' title='bbox 126 993 306 1030; x_wconf 88' lang='lat' dir='ltr'>contra</span> <span class='ocrx_word' id='word_1_58' title='bbox 340 997 459 1028; x_wconf 90' lang='lat' dir='ltr'>cum</span> <span class='ocrx_word' id='word_1_59' title='bbox 507 977 778 1046; x_wconf 84' lang='lat' dir='ltr'>Episcopis</span> <span class='ocrx_word' id='word_1_60' title='bbox 826 976 1044 1026; x_wconf 79' lang='lat' dir='ltr'><strong>ditescit.</strong></span> <span class='ocrx_word' id='word_1_61' title='bbox 1093 974 1282 1024; x_wconf 88' lang='lat' dir='ltr'>Vetant</span> <span class='ocrx_word' id='word_1_62' title='bbox 1319 971 1416 1041; x_wconf 71' lang='lat' dir='ltr'>igi-</span> 
     </span>
     <span class='ocr_line' id='line_1_10' title="bbox 128 1059 1416 1121; baseline -0.005 -7"><span class='ocrx_word' id='word_1_63' title='bbox 128 1079 212 1117; x_wconf 86' lang='lat' dir='ltr'>tur</span> <span class='ocrx_word' id='word_1_64' title='bbox 235 1085 320 1117; x_wconf 84' lang='lat' dir='ltr'>eos</span> <span class='ocrx_word' id='word_1_65' title='bbox 349 1065 665 1116; x_wconf 81' lang='lat' dir='ltr'>Christianos</span> <span class='ocrx_word' id='word_1_66' title='bbox 688 1065 795 1114; x_wconf 83' lang='lat' dir='ltr'>fieri</span> <span class='ocrx_word' id='word_1_67' title='bbox 829 1101 840 1121; x_wconf 91' lang='lat'>,</span> <span class='ocrx_word' id='word_1_68' title='bbox 863 1081 926 1113; x_wconf 87' lang='lat' dir='ltr'>ne</span> <span class='ocrx_word' id='word_1_69' title='bbox 954 1062 1137 1112; x_wconf 88' lang='lat' dir='ltr'>subditi</span> <span class='ocrx_word' id='word_1_70' title='bbox 1167 1060 1305 1110; x_wconf 85' lang='lat' dir='ltr'>suani</span> <span class='ocrx_word' id='word_1_71' title='bbox 1336 1059 1416 1108; x_wconf 89' lang='lat' dir='ltr'>iu-</span> 
     </span>
     <span class='ocr_line' id='line_1_11' title="bbox 131 1148 1414 1224; baseline -0.008 -18"><span class='ocrx_word' id='word_1_72' title='bbox 131 1173 197 1224; x_wconf 80' lang='lat' dir='ltr'>go</span> <span class='ocrx_word' id='word_1_73' title='bbox 226 1154 414 1206; x_wconf 81' lang='lat' dir='ltr'>Christi</span> <span class='ocrx_word' id='word_1_74' title='bbox 442 1194 454 1214; x_wconf 95' lang='lat'><strong><em>‚</em></strong></span> <span class='ocrx_word' id='word_1_75' title='bbox 501 1154 696 1221; x_wconf 83' lang='lat' dir='ltr'>aliquid</span> <span class='ocrx_word' id='word_1_76' title='bbox 716 1153 887 1203; x_wconf 83' lang='lat' dir='ltr'>lucelli</span> <span class='ocrx_word' id='word_1_77' title='bbox 916 1169 1094 1201; x_wconf 83' lang='lat' dir='ltr'>eorum</span> <span class='ocrx_word' id='word_1_78' title='bbox 1116 1148 1370 1218; x_wconf 73' lang='lat' dir='ltr'>tyrannidi</span> <span class='ocrx_word' id='word_1_79' title='bbox 1400 1184 1414 1204; x_wconf 84' lang='lat'>,</span> 
     </span>
     <span class='ocr_line' id='line_1_12' title="bbox 131 1245 1415 1318; baseline -0.005 -17"><span class='ocrx_word' id='word_1_80' title='bbox 131 1251 177 1300; x_wconf 70' lang='grc' dir='ltr'>ἃ</span> <span class='ocrx_word' id='word_1_81' title='bbox 208 1249 470 1318; x_wconf 74' lang='lat' dir='ltr'>rapacitati</span> <span class='ocrx_word' id='word_1_82' title='bbox 515 1248 794 1298; x_wconf 82' lang='lat' dir='ltr'>subducant</span> <span class='ocrx_word' id='word_1_83' title='bbox 821 1287 832 1307; x_wconf 88' lang='lat'>‚</span> <span class='ocrx_word' id='word_1_84' title='bbox 873 1249 923 1298; x_wconf 85' lang='lat'>&amp;</span> <span class='ocrx_word' id='word_1_85' title='bbox 949 1248 1142 1317; x_wconf 87' lang='lat' dir='ltr'>aliquid</span> <span class='ocrx_word' id='word_1_86' title='bbox 1168 1264 1231 1297; x_wconf 79' lang='lat' dir='ltr'>ex</span> <span class='ocrx_word' id='word_1_87' title='bbox 1253 1245 1415 1296; x_wconf 64' lang='lat' dir='ltr'>veeti-</span> 
     </span>
     <span class='ocr_line' id='line_1_13' title="bbox 132 1335 1414 1409; baseline -0.004 -19"><span class='ocrx_word' id='word_1_88' title='bbox 132 1341 332 1409; x_wconf 80' lang='lat' dir='ltr'>galibus</span> <span class='ocrx_word' id='word_1_89' title='bbox 358 1339 608 1391; x_wconf 84' lang='lat' dir='ltr'>decrescat</span> <span class='ocrx_word' id='word_1_90' title='bbox 632 1377 645 1398; x_wconf 93' lang='lat'><em>,</em></span> <span class='ocrx_word' id='word_1_91' title='bbox 689 1339 874 1407; x_wconf 83' lang='lat' dir='ltr'>quibus</span> <span class='ocrx_word' id='word_1_92' title='bbox 901 1356 1024 1408; x_wconf 84' lang='lat' dir='ltr'>gens</span> <span class='ocrx_word' id='word_1_93' title='bbox 1053 1339 1138 1387; x_wconf 87' lang='lat' dir='ltr'>illa</span> <span class='ocrx_word' id='word_1_94' title='bbox 1166 1335 1414 1386; x_wconf 84' lang='lat' dir='ltr'>miseran-</span> 
     </span>
     <span class='ocr_line' id='line_1_14' title="bbox 131 1425 1410 1499; baseline -0.005 -17"><span class='ocrx_word' id='word_1_95' title='bbox 131 1433 193 1482; x_wconf 93' lang='lat' dir='ltr'>da</span> <span class='ocrx_word' id='word_1_96' title='bbox 238 1433 299 1482; x_wconf 90' lang='lat' dir='ltr'>ab</span> <span class='ocrx_word' id='word_1_97' title='bbox 352 1432 465 1499; x_wconf 83' lang='lat' dir='ltr'>ipfis</span> <span class='ocrx_word' id='word_1_98' title='bbox 506 1431 811 1481; x_wconf 86' lang='lat' dir='ltr'>Monarchis</span> <span class='ocrx_word' id='word_1_99' title='bbox 875 1430 1089 1497; x_wconf 81' lang='lat' dir='ltr'>turpiter</span> <span class='ocrx_word' id='word_1_100' title='bbox 1117 1467 1129 1486; x_wconf 93' lang='lat'>,</span> <span class='ocrx_word' id='word_1_101' title='bbox 1173 1429 1222 1479; x_wconf 68' lang='grc' dir='ltr'>δε</span> <span class='ocrx_word' id='word_1_102' title='bbox 1277 1425 1410 1477; x_wconf 76' lang='lat' dir='ltr'>insa-</span> 
     </span>
     <span class='ocr_line' id='line_1_15' title="bbox 131 1525 1418 1596; baseline 0 -22"><span class='ocrx_word' id='word_1_103' title='bbox 131 1526 379 1576; x_wconf 84' lang='lat' dir='ltr'>tiabiliter</span> <span class='ocrx_word' id='word_1_104' title='bbox 399 1527 644 1596; x_wconf 85' lang='lat' dir='ltr'>premitur</span> <span class='ocrx_word' id='word_1_105' title='bbox 661 1528 709 1576; x_wconf 84' lang='lat'>&amp;</span> <span class='ocrx_word' id='word_1_106' title='bbox 726 1539 1009 1592; x_wconf 81' lang='lat' dir='ltr'>torquetur:</span> <span class='ocrx_word' id='word_1_107' title='bbox 1030 1526 1115 1593; x_wconf 83' lang='lat' dir='ltr'>qui</span> <span class='ocrx_word' id='word_1_108' title='bbox 1141 1525 1418 1594; x_wconf 83' lang='lat' dir='ltr'>impatien-</span> 
     </span>
     <span class='ocr_line' id='line_1_16' title="bbox 133 1619 1420 1679; baseline -0.001 -10"><span class='ocrx_word' id='word_1_109' title='bbox 133 1620 314 1670; x_wconf 78' lang='lat' dir='ltr'>tiffitne</span> <span class='ocrx_word' id='word_1_110' title='bbox 345 1620 546 1679; x_wconf 84' lang='lat' dir='ltr'>ferunt,</span> <span class='ocrx_word' id='word_1_111' title='bbox 588 1620 621 1670; x_wconf 87' lang='lat' dir='ltr'>s1</span> <span class='ocrx_word' id='word_1_112' title='bbox 644 1621 718 1671; x_wconf 89' lang='lat' dir='ltr'>illi</span> <span class='ocrx_word' id='word_1_113' title='bbox 746 1659 759 1679; x_wconf 85' lang='lat'>,</span> <span class='ocrx_word' id='word_1_114' title='bbox 793 1619 1072 1671; x_wconf 85' lang='lat' dir='ltr'>Christiani</span> <span class='ocrx_word' id='word_1_115' title='bbox 1101 1620 1224 1670; x_wconf 60' lang='lat' dir='ltr'>faeti</span> <span class='ocrx_word' id='word_1_116' title='bbox 1258 1658 1270 1678; x_wconf 90' lang='lat'>‚</span> <span class='ocrx_word' id='word_1_117' title='bbox 1317 1637 1420 1669; x_wconf 89' lang='lat' dir='ltr'>non</span> 
     </span>
     <span class='ocr_line' id='line_1_17' title="bbox 132 1712 1416 1784; baseline 0 -22"><span class='ocrx_word' id='word_1_118' title='bbox 132 1712 283 1781; x_wconf 85' lang='lat' dir='ltr'>longe</span> <span class='ocrx_word' id='word_1_119' title='bbox 353 1715 464 1784; x_wconf 85' lang='lat' dir='ltr'>plus</span> <span class='ocrx_word' id='word_1_120' title='bbox 530 1714 862 1783; x_wconf 50' lang='lat' dir='ltr'>vectigalium</span> <span class='ocrx_word' id='word_1_121' title='bbox 926 1714 1042 1782; x_wconf 74' lang='lat' dir='ltr'>ipsis</span> <span class='ocrx_word' id='word_1_122' title='bbox 1094 1713 1371 1781; x_wconf 81' lang='lat' dir='ltr'>penderent</span> <span class='ocrx_word' id='word_1_123' title='bbox 1402 1749 1416 1770; x_wconf 88' lang='lat'><em>,</em></span> 
     </span>
     <span class='ocr_line' id='line_1_18' title="bbox 131 1805 1418 1876; baseline 0.001 -22"><span class='ocrx_word' id='word_1_124' title='bbox 131 1822 284 1871; x_wconf 86' lang='lat' dir='ltr'>quam</span> <span class='ocrx_word' id='word_1_125' title='bbox 307 1808 472 1857; x_wconf 74' lang='lat' dir='ltr'>caeteri</span> <span class='ocrx_word' id='word_1_126' title='bbox 496 1805 770 1858; x_wconf 81' lang='lat' dir='ltr'>Christiani</span> <span class='ocrx_word' id='word_1_127' title='bbox 803 1808 902 1858; x_wconf 88' lang='lat' dir='ltr'>suis</span> <span class='ocrx_word' id='word_1_128' title='bbox 933 1808 1260 1876; x_wconf 81' lang='lat' dir='ltr'>Principibus</span> <span class='ocrx_word' id='word_1_129' title='bbox 1289 1824 1418 1874; x_wconf 84' lang='lat' dir='ltr'>pen-</span> 
     </span>
     <span class='ocr_line' id='line_1_19' title="bbox 131 1894 1416 1965; baseline -0.001 -21"><span class='ocrx_word' id='word_1_130' title='bbox 131 1896 260 1944; x_wconf 89' lang='lat' dir='ltr'>dunt</span> <span class='ocrx_word' id='word_1_131' title='bbox 283 1932 296 1952; x_wconf 84' lang='lat'><strong><em>,</em></strong></span> <span class='ocrx_word' id='word_1_132' title='bbox 338 1914 392 1945; x_wconf 83' lang='lat' dir='ltr'>ac</span> <span class='ocrx_word' id='word_1_133' title='bbox 423 1899 634 1965; x_wconf 84' lang='lat' dir='ltr'>proinde</span> <span class='ocrx_word' id='word_1_134' title='bbox 661 1898 947 1948; x_wconf 85' lang='lat' dir='ltr'>deformem</span> <span class='ocrx_word' id='word_1_135' title='bbox 977 1898 1124 1948; x_wconf 83' lang='lat' dir='ltr'>istum</span> <span class='ocrx_word' id='word_1_136' title='bbox 1167 1898 1217 1947; x_wconf 86' lang='lat'>&amp;</span> <span class='ocrx_word' id='word_1_137' title='bbox 1261 1894 1416 1944; x_wconf 85' lang='lat' dir='ltr'>sacri-</span> 
     </span>
     <span class='ocr_line' id='line_1_20' title="bbox 131 1990 1419 2061; baseline 0.002 -23"><span class='ocrx_word' id='word_1_138' title='bbox 131 1990 302 2058; x_wconf 81' lang='lat' dir='ltr'>legum</span> <span class='ocrx_word' id='word_1_139' title='bbox 325 1992 567 2059; x_wconf 73' lang='lat' dir='ltr'>quaestum</span> <span class='ocrx_word' id='word_1_140' title='bbox 588 1993 725 2052; x_wconf 85' lang='lat' dir='ltr'>fidei,</span> <span class='ocrx_word' id='word_1_141' title='bbox 754 2012 810 2043; x_wconf 86' lang='lat' dir='ltr'>ac</span> <span class='ocrx_word' id='word_1_142' title='bbox 839 1994 1073 2061; x_wconf 76' lang='lat' dir='ltr'>religioni</span> <span class='ocrx_word' id='word_1_143' title='bbox 1096 1991 1419 2048; x_wconf 67' lang='lat' dir='ltr'>Christianae,</span> 
     </span>
     <span class='ocr_line' id='line_1_21' title="bbox 132 2088 1418 2159; baseline -0.001 -22"><span class='ocrx_word' id='word_1_144' title='bbox 132 2104 425 2159; x_wconf 86' lang='lat' dir='ltr'>contempta</span> <span class='ocrx_word' id='word_1_145' title='bbox 470 2102 545 2139; x_wconf 83' lang='lat' dir='ltr'>tot</span> <span class='ocrx_word' id='word_1_146' title='bbox 592 2090 878 2139; x_wconf 86' lang='lat' dir='ltr'>animarum</span> <span class='ocrx_word' id='word_1_147' title='bbox 931 2088 1088 2140; x_wconf 85' lang='lat' dir='ltr'>salute</span> <span class='ocrx_word' id='word_1_148' title='bbox 1114 2127 1126 2144; x_wconf 88' lang='lat'><em>,</em></span> <span class='ocrx_word' id='word_1_149' title='bbox 1204 2100 1418 2156; x_wconf 74' lang='lat' dir='ltr'>antepo-</span> 
     </span>
     <span class='ocr_line' id='line_1_22' title="bbox 134 2175 1417 2244; baseline -0.002 -17"><span class='ocrx_word' id='word_1_150' title='bbox 134 2192 263 2229; x_wconf 86' lang='lat' dir='ltr'>nunt</span> <span class='ocrx_word' id='word_1_151' title='bbox 295 2217 306 2236; x_wconf 87' lang='lat'><strong>‚</strong></span> <span class='ocrx_word' id='word_1_152' title='bbox 335 2197 448 2229; x_wconf 85' lang='lat' dir='ltr'>vere</span> <span class='ocrx_word' id='word_1_153' title='bbox 471 2178 714 2227; x_wconf 88' lang='lat' dir='ltr'>habentes</span> <span class='ocrx_word' id='word_1_154' title='bbox 755 2177 926 2226; x_wconf 77' lang='lat' dir='ltr'>claues</span> <span class='ocrx_word' id='word_1_155' title='bbox 960 2215 972 2235; x_wconf 90' lang='lat'>,</span> <span class='ocrx_word' id='word_1_156' title='bbox 1002 2178 1185 2244; x_wconf 82' lang='lat' dir='ltr'>quibus</span> <span class='ocrx_word' id='word_1_157' title='bbox 1214 2194 1304 2225; x_wconf 89' lang='lat' dir='ltr'>nec</span> <span class='ocrx_word' id='word_1_158' title='bbox 1329 2175 1417 2244; x_wconf 76' lang='lat' dir='ltr'>ipsi</span> 
     </span>
     <span class='ocr_line' id='line_1_23' title="bbox 130 2264 1413 2326; baseline -0.002 -8"><span class='ocrx_word' id='word_1_159' title='bbox 130 2269 322 2319; x_wconf 80' lang='lat' dir='ltr'>intrant</span> <span class='ocrx_word' id='word_1_160' title='bbox 348 2308 359 2326; x_wconf 91' lang='lat'>,</span> <span class='ocrx_word' id='word_1_161' title='bbox 389 2285 480 2317; x_wconf 80' lang='lat' dir='ltr'>nec</span> <span class='ocrx_word' id='word_1_162' title='bbox 506 2267 634 2317; x_wconf 83' lang='lat' dir='ltr'>alios</span> <span class='ocrx_word' id='word_1_163' title='bbox 659 2267 846 2316; x_wconf 83' lang='lat' dir='ltr'>intrare</span> <span class='ocrx_word' id='word_1_164' title='bbox 875 2265 1061 2316; x_wconf 84' lang='lat' dir='ltr'>sinunt.</span> <span class='ocrx_word' id='word_1_165' title='bbox 1118 2264 1413 2315; x_wconf 79' lang='lat' dir='ltr'>Avaritiam</span> 
     </span>
     <span class='ocr_line' id='line_1_24' title="bbox 133 2357 1414 2427; baseline 0 -20"><span class='ocrx_word' id='word_1_166' title='bbox 133 2357 247 2408; x_wconf 86' lang='lat' dir='ltr'>sane</span> <span class='ocrx_word' id='word_1_167' title='bbox 274 2360 636 2427; x_wconf 76' lang='lat' dir='ltr'>inexplebilem</span> <span class='ocrx_word' id='word_1_168' title='bbox 663 2397 675 2417; x_wconf 87' lang='lat'><em>,</em></span> <span class='ocrx_word' id='word_1_169' title='bbox 726 2359 775 2408; x_wconf 85' lang='lat'>&amp;</span> <span class='ocrx_word' id='word_1_170' title='bbox 803 2359 1122 2426; x_wconf 87' lang='lat' dir='ltr'>impietatem</span> <span class='ocrx_word' id='word_1_171' title='bbox 1167 2357 1414 2407; x_wconf 85' lang='lat' dir='ltr'>intolera-</span> 
     </span>
     <span class='ocr_line' id='line_1_25' title="bbox 132 2451 1414 2522; baseline -0.001 -20"><span class='ocrx_word' id='word_1_172' title='bbox 132 2453 292 2522; x_wconf 87' lang='lat' dir='ltr'>bilem</span> <span class='ocrx_word' id='word_1_173' title='bbox 314 2491 325 2511; x_wconf 75' lang='lat'>,</span> <span class='ocrx_word' id='word_1_174' title='bbox 354 2472 410 2502; x_wconf 84' lang='lat' dir='ltr'>ac</span> <span class='ocrx_word' id='word_1_175' title='bbox 438 2472 462 2502; x_wconf 90' lang='lat' dir='ltr'>a</span> <span class='ocrx_word' id='word_1_176' title='bbox 481 2453 578 2521; x_wconf 75' lang='lat' dir='ltr'>piis</span> <span class='ocrx_word' id='word_1_177' title='bbox 602 2453 894 2520; x_wconf 60' lang='lat' dir='ltr'>pectoribus</span> <span class='ocrx_word' id='word_1_178' title='bbox 922 2454 1078 2503; x_wconf 76' lang='lat' dir='ltr'>armis</span> <span class='ocrx_word' id='word_1_179' title='bbox 1097 2454 1145 2502; x_wconf 72' lang='grc' dir='ltr'>δε</span> <span class='ocrx_word' id='word_1_180' title='bbox 1174 2451 1374 2520; x_wconf 85' lang='lat' dir='ltr'>scriptis</span> <span class='ocrx_word' id='word_1_181' title='bbox 1401 2488 1414 2509; x_wconf 89' lang='lat'><strong><em>‚</em></strong></span> 
     </span>
     <span class='ocr_line' id='line_1_26' title="bbox 130 2541 1420 2613; baseline 0.001 -23"><span class='ocrx_word' id='word_1_182' title='bbox 130 2541 348 2610; x_wconf 85' lang='lat' dir='ltr'>denique</span> <span class='ocrx_word' id='word_1_183' title='bbox 375 2544 496 2591; x_wconf 82' lang='lat' dir='ltr'>totis</span> <span class='ocrx_word' id='word_1_184' title='bbox 539 2542 730 2594; x_wconf 86' lang='lat' dir='ltr'>viribus</span> <span class='ocrx_word' id='word_1_185' title='bbox 770 2544 1168 2613; x_wconf 78' lang='lat' dir='ltr'>expugnandam</span> <span class='ocrx_word' id='word_1_186' title='bbox 1195 2582 1206 2600; x_wconf 90' lang='lat'>‚</span> <span class='ocrx_word' id='word_1_187' title='bbox 1261 2558 1420 2610; x_wconf 87' lang='lat' dir='ltr'>quam</span> 
     </span>
     <span class='ocr_line' id='line_1_27' title="bbox 98 2626 1420 2701; baseline -0.002 -21"><span class='ocrx_word' id='word_1_188' title='bbox 98 2626 468 2701; x_wconf 74' lang='lat' dir='ltr'>&#39;proculdubio</span> <span class='ocrx_word' id='word_1_189' title='bbox 511 2629 726 2699; x_wconf 88' lang='lat' dir='ltr'>sopitam</span> <span class='ocrx_word' id='word_1_190' title='bbox 772 2633 869 2684; x_wconf 76' lang='lat' dir='ltr'>hoc</span> <span class='ocrx_word' id='word_1_191' title='bbox 897 2648 1129 2701; x_wconf 83' lang='lat' dir='ltr'>tempore</span> <span class='ocrx_word' id='word_1_192' title='bbox 1171 2630 1420 2681; x_wconf 65' lang='lat' dir='ltr'>habuisse-</span> 
     </span>
     <span class='ocr_line' id='line_1_28' title="bbox 1253 2739 1411 2779; baseline -0.006 -8"><span class='ocrx_word' id='word_1_193' title='bbox 1253 2739 1369 2771; x_wconf 83' lang='lat' dir='ltr'>mus</span> <span class='ocrx_word' id='word_1_194' title='bbox 1398 2758 1411 2779; x_wconf 91' lang='lat'><em>,</em></span> 
     </span>
    </p>
   </div>
  </div>
 </body>
</html>
