1965 3256
599 239 701 294 194
959 240 1243 277 DAMIANx
1287 240 1326 278 A
1353 241 1499 278 GoEs

549 382 585 405 ‚‚
612 346 695 404 stis
722 345 819 396 feci
851 382 864 404 ,
901 345 950 395 &
978 345 1193 406 faciam,
1232 348 1263 398 fi
1292 351 1522 402 venerint
1547 347 1705 420 legati.
1730 365 1820 399 ve-

548 470 585 493 „
613 433 738 494 stri,
778 449 830 485 vt
856 435 1081 486 inuicem
1131 438 1323 488 mutuis
1376 440 1558 508 opibus
1603 439 1813 489 adiuve-

548 560 586 582 „
614 540 747 573 mur.
793 522 1014 592 Singulis
1057 540 1225 575 autem
1276 527 1560 577 oratoribus
1602 526 1773 577 vestris
1802 564 1817 587 ,

547 654 584 676 „
612 617 699 685 qui
730 618 933 667 venient
959 655 973 677 ,
1004 617 1126 668 ficut
1158 631 1270 668 tum
1295 617 1478 668 fecistis
1499 620 1561 669 ad
1596 618 1828 679 Mazua,

550 747 586 769 „
615 723 699 759 aut
728 709 980 760 Delacam
1004 747 1017 769 ‚
1062 712 1111 762 &
1139 711 1199 761 ad
1224 723 1399 779 portus
1426 711 1560 761 intra
1596 712 1819 780 angusti-

546 840 582 863 „
612 820 664 852 as
703 804 857 852 maris
905 803 1102 863 Rubri,
1162 822 1220 853 ea
1259 804 1483 854 tribuam
1508 841 1522 862 ,
1563 804 1825 871 tribuique

548 932 586 957 ‚,
614 896 801 944 curabo
832 932 845 953 ‚
888 914 999 964 quae
1050 895 1215 946 fienda
1253 896 1600 966 significabitis
1627 933 1641 956 ,
1680 894 1826 946 sicuti

549 1024 586 1047 ‚,
614 987 839 1035 maxime
884 986 1105 1036 desidero
1131 1024 1143 1044 ,
1196 1001 1248 1036 vt
1291 988 1347 1036 in
1391 988 1602 1038 confilio
1627 1026 1641 1048 ‚
1672 989 1721 1039 &
1748 1005 1827 1038 re-

547 1114 584 1136 „
611 1094 725 1126 rum
746 1075 966 1134 affiiione,
995 1074 1229 1144 prospere
1255 1078 1653 1146 coniungamur.
1683 1078 1833 1129 Nam

550 1206 587 1229 ‚‚
616 1187 737 1219 cum
784 1169 845 1217 ad
872 1187 930 1218 ea
963 1167 1114 1218 litora
1150 1169 1311 1238 copiae
1356 1170 1526 1222 vestrae
1575 1190 1821 1242 peruene-

550 1299 585 1321 ‚,
616 1262 751 1320 rint,
806 1273 1002 1311 mature
1064 1262 1114 1312 δε
1161 1280 1255 1330 ego
1282 1280 1401 1314 cum
1428 1265 1556 1314 meis
1582 1265 1822 1315 exerciti-

547 1393 585 1415 ‚‚
615 1358 708 1406 bus
756 1356 927 1406 adero.
973 1353 1039 1405 Et
1090 1356 1337 1423 quoniam
1377 1358 1431 1408 in
1458 1358 1650 1412 finibus
1696 1361 1828 1410 meis

551 1487 587 1508 „
621 1468 774 1500 nemo
802 1449 868 1500 est
898 1448 1236 1510 ChristianuS,
1266 1469 1429 1520 neque
1455 1453 1647 1522 templa
1670 1450 1828 1504 Chri-

550 1579 587 1601 „
616 1542 891 1593 stianorum
933 1542 1162 1594 visuntur
1185 1582 1197 1601 ,
1226 1545 1502 1596 concedam
1541 1544 1711 1597 vestris
1737 1546 1833 1595 ho-

551 1673 586 1693 „
617 1636 845 1686 minibus
869 1636 1168 1686 habitandas
1193 1636 1307 1685 illas
1333 1647 1490 1687 terras
1519 1675 1535 1696 ,
1578 1653 1689 1705 quae
1717 1634 1831 1685 sunt

550 1765 586 1786 „
614 1728 865 1795 proximae
912 1726 1223 1778 Maurorum
1273 1726 1458 1778 ditioni
1493 1766 1506 1787 ,
1563 1741 1831 1798 propterea

550 1854 589 1876 ‚,
617 1836 744 1886 opus
793 1818 859 1868 est
886 1831 937 1868 vt
978 1818 1155 1885 caeptis
1201 1815 1370 1867 vestris
1418 1817 1648 1868 debitum
1675 1817 1833 1869 finem

554 1946 589 1968 „
619 1910 858 1961 afferatis.
906 1909 1124 1961 Interim
1170 1909 1429 1970 mittitote?
1473 1910 1535 1958 ad
1569 1927 1653 1959 me
1698 1907 1832 1958 viros

555 2039 592 2059 ‚,
620 2003 843 2053 eruditos
862 2040 875 2062 ,
894 2016 1046 2070 atque
1072 2004 1227 2053 etiam
1255 2001 1523 2053 coelatores
1550 2000 1837 2068 imaginum

559 2134 594 2155 ‚,
624 2097 730 2146 auri
758 2098 808 2147 &
844 2099 1040 2166 argenti
1075 2118 1089 2160 3
1137 2099 1188 2148 &
1216 2097 1388 2148 fabros
1439 2095 1618 2165 cupri,
1653 2095 1703 2145 &
1731 2093 1834 2143 fer-

558 2224 593 2244 ‚,
623 2188 698 2244 ri,
746 2188 793 2237 ὃς
815 2186 938 2237 stani
969 2227 981 2248 ,
1026 2189 1075 2239 ἃ
1124 2189 1326 2258 plumbi
1359 2208 1375 2251 ε,
1425 2187 1551 2237 item
1577 2183 1795 2234 artifices
1820 2221 1834 2243 ,

556 2312 593 2333 „
624 2279 710 2343 qui
739 2279 920 2330 litteris
970 2280 1146 2332 nostrae
1173 2281 1362 2350 linguae
1408 2297 1500 2347 pro
1526 2276 1750 2329 Ecclesia
1772 2276 1838 2327 li-

558 2404 595 2425 „
626 2368 742 2416 bros
783 2370 1086 2438 imprimant
1115 2411 1128 2431 ‚
1181 2374 1310 2424 item
1358 2372 1594 2439 aliquOS,
1641 2369 1730 2438 qui
1771 2384 1837 2418 ex

559 2497 596 2519 ‚,
624 2480 745 2511 auro
771 2464 1051 2515 brasteolas
1087 2467 1254 2517 facere
1276 2506 1294 2538 2
1338 2469 1389 2518 &
1413 2482 1535 2518 cum
1561 2466 1641 2518 his
1685 2466 1836 2514 inau-

561 2591 598 2613 „
627 2573 733 2605 rare
761 2556 857 2606 alia
897 2559 1103 2607 metalla
1136 2559 1315 2611 sciunt.
1365 2559 1440 2611 Hi
1491 2573 1641 2612 erunt
1664 2559 1719 2608 in
1743 2557 1836 2606 do-

561 2685 597 2709 „
626 2668 713 2701 mo
740 2670 851 2704 mea
877 2651 1210 2704 honestiffime
1235 2652 1435 2706 traaati
1470 2691 1483 2714 ,
1522 2655 1572 2705 δε
1608 2651 1642 2702 fi
1669 2648 1829 2708 diste·

1677 2745 1806 2796 dere·
