1931 3239
165 250 339 292 rmus
370 242 620 286 ummo
650 240 918 289 MousQ
942 241 1242 278 Ammon
1304 245 1405 300 243

111 375 259 409 mum
286 353 515 407 ordinem
550 347 968 398 intromittuntur
1000 381 1013 401 ,
1067 345 1153 413 qui
1199 347 1404 396 ordines

112 464 143 495 a
172 445 372 496 nemine
401 476 416 497 ,
461 434 552 486 nis1
599 436 661 485 ab
705 432 817 503 ipso
865 431 1157 483 Patriarcha
1205 434 1408 485 dantur.

110 535 326 588 Mortua
351 544 524 582 tamen
551 529 718 597 prima
741 546 898 579 vxore
928 526 1168 598 Episcopi
1196 541 1280 577 aut
1308 529 1412 578 cle-

105 626 200 678 rici
225 624 379 675 aliam
406 623 589 672 ducere
614 640 718 672 non
768 621 969 689 poflunt
997 659 1012 680 ‚
1060 622 1151 672 nis1
1188 622 1412 674 Patriar-

109 710 205 769 cha
230 716 292 766 ad
318 716 370 767 id
391 713 755 784 dispensauerit
784 719 798 784 (
828 714 963 782 quod
1010 715 1286 783 aliquando
1330 714 1412 764 in-

107 809 349 882 dulgetur
373 807 702 876 magnatibus
753 819 960 874 propter
998 807 1265 876 publicum
1313 808 1407 857 bo-

113 917 241 950 num
271 895 288 963 )
321 914 413 946 nec
442 895 625 947 habere
651 899 997 948 concubinam
1031 938 1045 959 ,
1067 897 1158 948 nisi
1194 897 1242 947 se
1264 898 1413 948 volu-

115 993 250 1043 erint
274 1011 303 1042 a
329 990 478 1042 sacris
507 991 740 1041 abdicare
769 1030 783 1051 ‚
812 992 950 1060 quod
982 991 1012 1042 si
1042 991 1258 1042 fecerint
1290 1030 1302 1050 ,
1333 1011 1412 1042 res

112 1092 313 1142 diuinas
342 1092 563 1161 ampiius
588 1092 802 1143 ‘traciare
828 1110 932 1143 non
960 1092 1176 1159 possunt.
1224 1090 1289 1140 Et
1313 1092 1414 1140 hoc

118 1196 222 1233 tam
250 1181 418 1232 striche
446 1182 669 1232 seruatur
699 1221 711 1241 ,
739 1196 792 1232 vt
841 1183 914 1233 hii
958 1181 1240 1249 presbyteri
1271 1218 1285 1239 ,
1331 1179 1420 1248 qui

117 1276 337 1326 secundo
365 1293 574 1325 vicorem
603 1276 843 1327 duxerint
880 1315 892 1335 ‚
917 1294 978 1325 ne
1006 1275 1270 1324 candelam
1299 1274 1416 1342 qui-

117 1369 235 1419 dem
262 1386 414 1418 vnam
465 1367 702 1418 Ecclefiae
729 1367 1073 1418 consecratam
1126 1366 1178 1415 in
1207 1383 1421 1416 manum

120 1457 363 1513 auderent
389 1461 636 1529 accipere.
681 1459 839 1526 Qud
892 1459 925 1509 sl
976 1460 1244 1510 inuentum
1296 1461 1410 1511 sue-

119 1553 190 1603 rit
217 1551 532 1620 Episcopum
562 1589 577 1610 ‚
606 1564 691 1600 aut
741 1551 987 1600 clericum
1035 1551 1199 1601 filium
1254 1550 1421 1620 spuri-

126 1662 214 1695 um
241 1644 425 1693 habere
455 1681 468 1701 ,
499 1645 559 1693 ab
585 1643 826 1693 omnibus
871 1644 1133 1694 beneficiis
1184 1663 1240 1694 ac
1268 1644 1420 1695 sacris

119 1735 386 1785 ordinibus
413 1734 677 1784 abdicatur
708 1771 721 1792 ,
765 1753 984 1802 quorum
1033 1736 1167 1809 bona
1197 1773 1209 1794 ‚
1258 1734 1291 1784 s1
1324 1735 1427 1795 sine

120 1826 355 1895 legitima
381 1830 523 1896 prole
567 1828 823 1879 discedant
856 1868 869 1888 ,
911 1831 973 1878 ad
1000 1831 1294 1881 preciosum
1329 1828 1422 1878 lo·-

121 1937 309 1972 annem
338 1960 352 1981 ,
380 1926 426 1974 δε
452 1941 550 1973 non
581 1925 642 1972 ad
667 1924 1016 1973 patriarcham
1066 1926 1297 1974 veniunt.
1359 1915 1425 1970 Et

123 2017 178 2068 id
204 2020 340 2086 quod
367 2020 644 2088 presbyteri
671 2021 805 2088 apud
850 2039 944 2070 nos
987 2039 1168 2071 vxores
1215 2022 1427 2092 poffide-

123 2127 215 2166 ant
241 2152 256 2173 ‚
284 2132 347 2164 ex
376 2114 533 2164 Paulo
562 2115 858 2182 accepimus
893 2152 905 2173 ‚
958 2116 1044 2182 qui
1072 2116 1274 2167 mavult
1320 2115 1426 2165 cle-

121 2206 260 2256 rium
285 2207 548 2257 &laicum
574 2207 764 2256 nubere
800 2223 954 2274 quam
984 2208 1078 2260 vri.
1125 2208 1178 2258 Is
1219 2225 1425 2277 quoque

126 2299 303 2372 inquit
332 2341 345 2362 ,
398 2316 631 2371 oportere
682 2300 997 2371 Episcopum
1050 2303 1218 2354 virum
1269 2305 1417 2354 Vnius

124 2395 297 2447 vxoris
323 2395 416 2446 esse
444 2432 458 2453 ,
486 2395 535 2445 δε
562 2395 1050 2463 irreprehensibilem
1081 2434 1095 2456 ,
1152 2396 1377 2448 sobrium
1408 2433 1421 2456 ,

124 2489 334 2559 parique
362 2488 518 2537 modo
555 2487 663 2536 vult
689 2486 780 2536 esse
807 2486 1079 2538 diaconos,
1123 2487 1297 2557 Atque
1325 2487 1423 2537 eti-

124 2596 210 2629 am
250 2593 303 2628 vt
333 2576 664 2628 Ecclesiastici
715 2576 925 2644 perinde
974 2591 1126 2646 atque
1166 2578 1412 2629 seculares

128 2673 354 2749 proprias
382 2689 562 2725 onres
591 2688 655 2723 ex
682 2670 917 2740 legitimo
961 2670 1296 2725 matrimonio
1337 2670 1426 2718 ba·

1221 2763 1390 2812 beant.
