<?xml version="1.0" encoding="UTF-8"?>
<!DOCTYPE html PUBLIC "-//W3C//DTD XHTML 1.0 Transitional//EN"
    "http://www.w3.org/TR/xhtml1/DTD/xhtml1-transitional.dtd">
<html xmlns="http://www.w3.org/1999/xhtml" xml:lang="en" lang="en">
 <head>
  <title>
</title>
<meta http-equiv="Content-Type" content="text/html;charset=utf-8" />
  <meta name='ocr-system' content='tesseract 3.04.00' />
  <meta name='ocr-capabilities' content='ocr_page ocr_carea ocr_par ocr_line ocrx_word'/>
</head>
<body>
  <div class='ocr_page' id='page_1' title='image "./damianigoesopusc00gi_0011.png"; bbox 0 0 1998 3272; ppageno 0'>
   <div class='ocr_carea' id='block_1_1' title="bbox 813 293 1549 356">
    <p class='ocr_par' dir='ltr' id='par_1_1' title="bbox 813 293 1549 356">
     <span class='ocr_line' id='line_1_1' title="bbox 813 293 1549 356; baseline 0.012 -10"><span class='ocrx_word' id='word_1_1' title='bbox 813 293 1052 348; x_wconf 69' lang='lat' dir='ltr'><strong>va&#39;</strong></span> <span class='ocrx_word' id='word_1_2' title='bbox 1458 315 1549 356; x_wconf 86' lang='lat'><strong>111</strong></span> 
     </span>
    </p>
   </div>
   <div class='ocr_carea' id='block_1_2' title="bbox 241 413 1544 2655">
    <p class='ocr_par' dir='ltr' id='par_1_2' title="bbox 241 413 1544 2655">
     <span class='ocr_line' id='line_1_2' title="bbox 273 413 1544 497; baseline 0 -21"><span class='ocrx_word' id='word_1_3' title='bbox 273 426 354 476; x_wconf 85' lang='lat' dir='ltr'><strong>·ne</strong></span> <span class='ocrx_word' id='word_1_4' title='bbox 401 413 675 476; x_wconf 82' lang='lat' dir='ltr'><strong>obscurus</strong></span> <span class='ocrx_word' id='word_1_5' title='bbox 734 416 903 474; x_wconf 90' lang='lat' dir='ltr'><strong>domi</strong></span> <span class='ocrx_word' id='word_1_6' title='bbox 976 430 1149 493; x_wconf 85' lang='lat' dir='ltr'><strong>atque</strong></span> <span class='ocrx_word' id='word_1_7' title='bbox 1223 416 1497 497; x_wconf 82' lang='lat' dir='ltr'><strong>inglorius</strong></span> <span class='ocrx_word' id='word_1_8' title='bbox 1526 468 1544 491; x_wconf 88' lang='lat'>‚</span> 
     </span>
     <span class='ocr_line' id='line_1_3' title="bbox 283 519 1542 600; baseline -0.001 -21"><span class='ocrx_word' id='word_1_9' title='bbox 283 532 306 599; x_wconf 90' lang='lat'><strong><em>(</em></strong></span> <span class='ocrx_word' id='word_1_10' title='bbox 338 522 498 600; x_wconf 90' lang='lat' dir='ltr'><strong>quod</strong></span> <span class='ocrx_word' id='word_1_11' title='bbox 529 524 585 580; x_wconf 91' lang='lat' dir='ltr'><strong>in</strong></span> <span class='ocrx_word' id='word_1_12' title='bbox 609 522 793 598; x_wconf 83' lang='lat' dir='ltr'><strong>patria</strong></span> <span class='ocrx_word' id='word_1_13' title='bbox 830 521 947 579; x_wconf 88' lang='lat' dir='ltr'><strong>fere</strong></span> <span class='ocrx_word' id='word_1_14' title='bbox 972 521 1213 598; x_wconf 81' lang='lat' dir='ltr'><strong>quilque</strong></span> <span class='ocrx_word' id='word_1_15' title='bbox 1242 519 1542 596; x_wconf 65' lang='lat' dir='ltr'><strong>negleftus</strong></span> 
     </span>
     <span class='ocr_line' id='line_1_4' title="bbox 275 621 1541 697; baseline -0.003 -14"><span class='ocrx_word' id='word_1_16' title='bbox 275 625 459 684; x_wconf 83' lang='lat' dir='ltr'><strong>iaceat</strong></span> <span class='ocrx_word' id='word_1_17' title='bbox 501 629 519 697; x_wconf 92' lang='lat'><em>)</em></span> <span class='ocrx_word' id='word_1_18' title='bbox 577 624 1019 684; x_wconf 74' lang='lat' dir='ltr'><strong>consenesceret.</strong></span> <span class='ocrx_word' id='word_1_19' title='bbox 1069 623 1175 681; x_wconf 85' lang='lat' dir='ltr'><strong>Per</strong></span> <span class='ocrx_word' id='word_1_20' title='bbox 1221 621 1541 681; x_wconf 80' lang='lat' dir='ltr'><strong>Germani-</strong></span> 
     </span>
     <span class='ocr_line' id='line_1_5' title="bbox 274 726 1541 809; baseline -0.006 -22"><span class='ocrx_word' id='word_1_21' title='bbox 274 750 372 787; x_wconf 86' lang='lat' dir='ltr'><strong>am</strong></span> <span class='ocrx_word' id='word_1_22' title='bbox 418 729 638 806; x_wconf 84' lang='lat' dir='ltr'><strong>itaque,</strong></span> <span class='ocrx_word' id='word_1_23' title='bbox 662 731 723 788; x_wconf 70' lang='grc' dir='ltr'><strong>δε</strong></span> <span class='ocrx_word' id='word_1_24' title='bbox 753 729 1051 809; x_wconf 79' lang='lat' dir='ltr'><strong>Belgicam</strong></span> <span class='ocrx_word' id='word_1_25' title='bbox 1075 726 1328 785; x_wconf 80' lang='lat' dir='ltr'><strong>Galliam</strong></span> <span class='ocrx_word' id='word_1_26' title='bbox 1353 774 1370 798; x_wconf 91' lang='lat'><em>‚</em></span> <span class='ocrx_word' id='word_1_27' title='bbox 1415 728 1541 787; x_wconf 88' lang='lat' dir='ltr'><strong>Lu-</strong></span> 
     </span>
     <span class='ocr_line' id='line_1_6' title="bbox 273 833 1539 912; baseline 0 -21"><span class='ocrx_word' id='word_1_28' title='bbox 273 833 587 891; x_wconf 87' lang='lat' dir='ltr'><strong>fitanorum</strong></span> <span class='ocrx_word' id='word_1_29' title='bbox 618 834 848 912; x_wconf 79' lang='lat' dir='ltr'><strong>Regum</strong></span> <span class='ocrx_word' id='word_1_30' title='bbox 880 833 1112 910; x_wconf 79' lang='lat' dir='ltr'><strong>negotia</strong></span> <span class='ocrx_word' id='word_1_31' title='bbox 1153 853 1356 909; x_wconf 81' lang='lat' dir='ltr'><strong>gerens</strong></span> <span class='ocrx_word' id='word_1_32' title='bbox 1382 878 1395 902; x_wconf 95' lang='lat'>,</span> <span class='ocrx_word' id='word_1_33' title='bbox 1434 853 1539 910; x_wconf 90' lang='lat' dir='ltr'><strong>per</strong></span> 
     </span>
     <span class='ocr_line' id='line_1_7' title="bbox 264 937 1537 1019; baseline -0.001 -21"><span class='ocrx_word' id='word_1_34' title='bbox 264 961 451 1000; x_wconf 84' lang='lat' dir='ltr'><strong>-annos</strong></span> <span class='ocrx_word' id='word_1_35' title='bbox 523 942 771 1019; x_wconf 85' lang='lat' dir='ltr'><strong>amplius</strong></span> <span class='ocrx_word' id='word_1_36' title='bbox 834 937 1274 1018; x_wconf 85' lang='lat' dir='ltr'><strong>quatuordecim</strong></span> <span class='ocrx_word' id='word_1_37' title='bbox 1320 984 1334 1008; x_wconf 94' lang='lat'><strong>,</strong></span> <span class='ocrx_word' id='word_1_38' title='bbox 1390 952 1537 997; x_wconf 84' lang='lat' dir='ltr'><strong>terra</strong></span> 
     </span>
     <span class='ocr_line' id='line_1_8' title="bbox 262 1045 1537 1122; baseline -0.004 -20"><span class='ocrx_word' id='word_1_39' title='bbox 262 1046 528 1122; x_wconf 80' lang='lat' dir='ltr'><strong>marique</strong></span> <span class='ocrx_word' id='word_1_40' title='bbox 552 1047 788 1104; x_wconf 67' lang='lat' dir='ltr'><strong>iactatus</strong></span> <span class='ocrx_word' id='word_1_41' title='bbox 812 1094 827 1117; x_wconf 91' lang='lat'><em>‚</em></span> <span class='ocrx_word' id='word_1_42' title='bbox 859 1045 1204 1104; x_wconf 78' lang='lat' dir='ltr'><strong>honorificas</strong></span> <span class='ocrx_word' id='word_1_43' title='bbox 1235 1045 1421 1102; x_wconf 74' lang='lat' dir='ltr'><strong>obluit</strong></span> <span class='ocrx_word' id='word_1_44' title='bbox 1448 1046 1537 1103; x_wconf 83' lang='lat' dir='ltr'><strong>le-</strong></span> 
     </span>
     <span class='ocr_line' id='line_1_9' title="bbox 267 1147 1535 1227; baseline -0.001 -21"><span class='ocrx_word' id='word_1_45' title='bbox 267 1149 545 1227; x_wconf 83' lang='lat' dir='ltr'><strong>gationeS,</strong></span> <span class='ocrx_word' id='word_1_46' title='bbox 566 1150 634 1206; x_wconf 90' lang='lat' dir='ltr'><strong>ad</strong></span> <span class='ocrx_word' id='word_1_47' title='bbox 661 1149 849 1224; x_wconf 85' lang='lat' dir='ltr'><strong>ipsum</strong></span> <span class='ocrx_word' id='word_1_48' title='bbox 879 1148 1055 1207; x_wconf 83' lang='lat' dir='ltr'><strong>etiam</strong></span> <span class='ocrx_word' id='word_1_49' title='bbox 1081 1147 1381 1205; x_wconf 81' lang='lat' dir='ltr'><strong>Sarmatiae</strong></span> <span class='ocrx_word' id='word_1_50' title='bbox 1413 1147 1535 1206; x_wconf 75' lang='lat' dir='ltr'><strong>Re-</strong></span> 
     </span>
     <span class='ocr_line' id='line_1_10' title="bbox 267 1247 1530 1326; baseline -0.002 -20"><span class='ocrx_word' id='word_1_51' title='bbox 267 1269 402 1326; x_wconf 83' lang='lat' dir='ltr'><strong>gem</strong></span> <span class='ocrx_word' id='word_1_52' title='bbox 423 1295 438 1319; x_wconf 93' lang='lat'>,</span> <span class='ocrx_word' id='word_1_53' title='bbox 487 1269 620 1326; x_wconf 84' lang='lat' dir='ltr'><strong>quae</strong></span> <span class='ocrx_word' id='word_1_54' title='bbox 648 1248 887 1305; x_wconf 88' lang='lat' dir='ltr'><strong>Polonia</strong></span> <span class='ocrx_word' id='word_1_55' title='bbox 912 1248 1087 1305; x_wconf 87' lang='lat' dir='ltr'><strong>hodie</strong></span> <span class='ocrx_word' id='word_1_56' title='bbox 1113 1248 1266 1306; x_wconf 62' lang='lat' dir='ltr'><strong>dicta</strong></span> <span class='ocrx_word' id='word_1_57' title='bbox 1297 1247 1375 1304; x_wconf 88' lang='lat' dir='ltr'><strong>est</strong></span> <span class='ocrx_word' id='word_1_58' title='bbox 1398 1292 1414 1316; x_wconf 85' lang='lat'>,</span> <span class='ocrx_word' id='word_1_59' title='bbox 1442 1247 1530 1304; x_wconf 80' lang='lat' dir='ltr'><strong>se·-</strong></span> 
     </span>
     <span class='ocr_line' id='line_1_11' title="bbox 266 1348 1530 1425; baseline 0 -18"><span class='ocrx_word' id='word_1_60' title='bbox 266 1369 380 1407; x_wconf 83' lang='lat' dir='ltr'><strong>nex</strong></span> <span class='ocrx_word' id='word_1_61' title='bbox 418 1352 656 1410; x_wconf 89' lang='lat' dir='ltr'><strong>tandem</strong></span> <span class='ocrx_word' id='word_1_62' title='bbox 714 1350 866 1408; x_wconf 86' lang='lat' dir='ltr'><strong>fama</strong></span> <span class='ocrx_word' id='word_1_63' title='bbox 937 1351 1121 1407; x_wconf 85' lang='lat' dir='ltr'><strong>clarus</strong></span> <span class='ocrx_word' id='word_1_64' title='bbox 1147 1396 1162 1419; x_wconf 92' lang='lat'><strong><em>,</em></strong></span> <span class='ocrx_word' id='word_1_65' title='bbox 1211 1348 1530 1425; x_wconf 80' lang='lat' dir='ltr'><strong>litterisque</strong></span> 
     </span>
     <span class='ocr_line' id='line_1_12' title="bbox 265 1453 1523 1533; baseline -0.002 -22"><span class='ocrx_word' id='word_1_66' title='bbox 265 1453 428 1513; x_wconf 87' lang='lat' dir='ltr'><strong>diues</strong></span> <span class='ocrx_word' id='word_1_67' title='bbox 457 1502 474 1527; x_wconf 90' lang='lat'>,</span> <span class='ocrx_word' id='word_1_68' title='bbox 503 1457 565 1514; x_wconf 76' lang='grc' dir='ltr'><strong>δε</strong></span> <span class='ocrx_word' id='word_1_69' title='bbox 592 1455 898 1533; x_wconf 84' lang='lat' dir='ltr'><strong>prudentia</strong></span> <span class='ocrx_word' id='word_1_70' title='bbox 935 1454 1238 1512; x_wconf 60' lang='lat' dir='ltr'><strong>instructus</strong></span> <span class='ocrx_word' id='word_1_71' title='bbox 1265 1454 1523 1511; x_wconf 62' lang='lat' dir='ltr'><strong>reuertin²</strong></span> 
     </span>
     <span class='ocr_line' id='line_1_13' title="bbox 242 1552 1524 1637; baseline -0.002 -25"><span class='ocrx_word' id='word_1_72' title='bbox 242 1552 529 1614; x_wconf 85' lang='lat' dir='ltr'><strong>—Primum</strong></span> <span class='ocrx_word' id='word_1_73' title='bbox 566 1558 744 1637; x_wconf 81' lang='lat' dir='ltr'><strong>igitur</strong></span> <span class='ocrx_word' id='word_1_74' title='bbox 768 1558 828 1615; x_wconf 88' lang='lat' dir='ltr'><strong>in</strong></span> <span class='ocrx_word' id='word_1_75' title='bbox 858 1555 1125 1636; x_wconf 80' lang='lat' dir='ltr'><strong>Belgium</strong></span> <span class='ocrx_word' id='word_1_76' title='bbox 1153 1553 1389 1630; x_wconf 79' lang='lat' dir='ltr'><strong>nauigio</strong></span> <span class='ocrx_word' id='word_1_77' title='bbox 1416 1553 1524 1610; x_wconf 88' lang='lat' dir='ltr'><strong>de-</strong></span> 
     </span>
     <span class='ocr_line' id='line_1_14' title="bbox 241 1658 1522 1739; baseline 0 -25"><span class='ocrx_word' id='word_1_78' title='bbox 241 1658 405 1717; x_wconf 46' lang='lat' dir='ltr'><strong>slatus</strong></span> <span class='ocrx_word' id='word_1_79' title='bbox 433 1708 449 1731; x_wconf 93' lang='lat'>,</span> <span class='ocrx_word' id='word_1_80' title='bbox 481 1661 639 1723; x_wconf 64' lang='grc' dir='ltr'><strong>ἰαθεὶς</strong></span> <span class='ocrx_word' id='word_1_81' title='bbox 669 1661 787 1719; x_wconf 86' lang='lat' dir='ltr'><strong>iam</strong></span> <span class='ocrx_word' id='word_1_82' title='bbox 818 1661 910 1718; x_wconf 90' lang='lat' dir='ltr'><strong>vel</strong></span> <span class='ocrx_word' id='word_1_83' title='bbox 959 1660 1019 1717; x_wconf 89' lang='lat' dir='ltr'><strong>in</strong></span> <span class='ocrx_word' id='word_1_84' title='bbox 1044 1659 1350 1739; x_wconf 83' lang='lat' dir='ltr'><strong>grandiore</strong></span> <span class='ocrx_word' id='word_1_85' title='bbox 1378 1674 1522 1715; x_wconf 80' lang='lat' dir='ltr'><strong>aeta-</strong></span> 
     </span>
     <span class='ocr_line' id='line_1_15' title="bbox 260 1763 1523 1838; baseline 0.002 -17"><span class='ocrx_word' id='word_1_86' title='bbox 260 1777 317 1821; x_wconf 86' lang='lat' dir='ltr'><strong>te</strong></span> <span class='ocrx_word' id='word_1_87' title='bbox 371 1765 767 1825; x_wconf 85' lang='lat' dir='ltr'><strong>fundamentis</strong></span> <span class='ocrx_word' id='word_1_88' title='bbox 793 1814 809 1838; x_wconf 88' lang='lat'><strong><em>,</em></strong></span> <span class='ocrx_word' id='word_1_89' title='bbox 870 1766 1056 1824; x_wconf 71' lang='lat' dir='ltr'><strong>Italiae</strong></span> <span class='ocrx_word' id='word_1_90' title='bbox 1106 1763 1361 1822; x_wconf 77' lang='lat' dir='ltr'><strong>visendae</strong></span> <span class='ocrx_word' id='word_1_91' title='bbox 1387 1809 1404 1832; x_wconf 86' lang='lat'>,</span> <span class='ocrx_word' id='word_1_92' title='bbox 1458 1779 1523 1823; x_wconf 84' lang='lat' dir='ltr'><strong>vt</strong></span> 
     </span>
     <span class='ocr_line' id='line_1_16' title="bbox 258 1861 1516 1946; baseline 0.002 -28"><span class='ocrx_word' id='word_1_93' title='bbox 258 1861 626 1926; x_wconf 84' lang='lat' dir='ltr'><strong>scientiarum</strong></span> <span class='ocrx_word' id='word_1_94' title='bbox 654 1868 906 1946; x_wconf 86' lang='lat' dir='ltr'><strong>parentis</strong></span> <span class='ocrx_word' id='word_1_95' title='bbox 930 1913 947 1937; x_wconf 91' lang='lat'><em>‚</em></span> <span class='ocrx_word' id='word_1_96' title='bbox 975 1865 1353 1943; x_wconf 83' lang='lat' dir='ltr'><strong>percupiduS,</strong></span> <span class='ocrx_word' id='word_1_97' title='bbox 1382 1884 1516 1922; x_wconf 86' lang='lat' dir='ltr'><strong>eru-</strong></span> 
     </span>
     <span class='ocr_line' id='line_1_17' title="bbox 259 1964 1519 2026; baseline 0.001 -4"><span class='ocrx_word' id='word_1_98' title='bbox 259 1964 519 2024; x_wconf 79' lang='lat' dir='ltr'><strong>diturum</strong></span> <span class='ocrx_word' id='word_1_99' title='bbox 611 1970 923 2026; x_wconf 87' lang='lat' dir='ltr'><strong>hominum</strong></span> <span class='ocrx_word' id='word_1_100' title='bbox 1006 1966 1519 2025; x_wconf 82' lang='lat' dir='ltr'><strong>commendatione</strong></span> 
     </span>
     <span class='ocr_line' id='line_1_18' title="bbox 256 2056 1515 2143; baseline -0.002 -18"><span class='ocrx_word' id='word_1_101' title='bbox 256 2056 565 2129; x_wconf 86' lang='lat' dir='ltr'><strong>Patauium</strong></span> <span class='ocrx_word' id='word_1_102' title='bbox 592 2069 647 2143; x_wconf 90' lang='lat' dir='ltr'><strong>se</strong></span> <span class='ocrx_word' id='word_1_103' title='bbox 691 2071 936 2129; x_wconf 86' lang='lat' dir='ltr'><strong>contulit</strong></span> <span class='ocrx_word' id='word_1_104' title='bbox 965 2090 1119 2128; x_wconf 90' lang='lat' dir='ltr'><strong>anno</strong></span> <span class='ocrx_word' id='word_1_105' title='bbox 1173 2070 1292 2126; x_wconf 87' lang='lat' dir='ltr'><strong>eius</strong></span> <span class='ocrx_word' id='word_1_106' title='bbox 1321 2068 1515 2126; x_wconf 81' lang='lat' dir='ltr'><strong>saeculi</strong></span> 
     </span>
     <span class='ocr_line' id='line_1_19' title="bbox 260 2170 1515 2235; baseline -0.002 -3"><span class='ocrx_word' id='word_1_107' title='bbox 260 2188 694 2235; x_wconf 74' lang='lat' dir='ltr'><strong>cmmxxxttn.</strong></span> <span class='ocrx_word' id='word_1_108' title='bbox 743 2176 865 2234; x_wconf 87' lang='lat' dir='ltr'><strong>Hie</strong></span> <span class='ocrx_word' id='word_1_109' title='bbox 896 2176 956 2234; x_wconf 90' lang='lat' dir='ltr'><strong>in</strong></span> <span class='ocrx_word' id='word_1_110' title='bbox 984 2173 1140 2233; x_wconf 87' lang='lat' dir='ltr'><strong>Petri</strong></span> <span class='ocrx_word' id='word_1_111' title='bbox 1167 2170 1378 2232; x_wconf 80' lang='lat' dir='ltr'><strong>Bembi</strong></span> <span class='ocrx_word' id='word_1_112' title='bbox 1404 2173 1515 2230; x_wconf 92' lang='lat' dir='ltr'><strong>ho-</strong></span> 
     </span>
     <span class='ocr_line' id='line_1_20' title="bbox 255 2273 1514 2347; baseline -0.002 -14"><span class='ocrx_word' id='word_1_113' title='bbox 255 2277 432 2335; x_wconf 82' lang='lat' dir='ltr'><strong>minis</strong></span> <span class='ocrx_word' id='word_1_114' title='bbox 461 2297 524 2341; x_wconf 87' lang='lat' dir='ltr'><strong>ea</strong></span> <span class='ocrx_word' id='word_1_115' title='bbox 549 2292 715 2336; x_wconf 82' lang='lat' dir='ltr'><strong>aetate</strong></span> <span class='ocrx_word' id='word_1_116' title='bbox 737 2275 1092 2336; x_wconf 82' lang='lat' dir='ltr'><strong>disertiffimi</strong></span> <span class='ocrx_word' id='word_1_117' title='bbox 1122 2323 1137 2347; x_wconf 94' lang='lat'>,</span> <span class='ocrx_word' id='word_1_118' title='bbox 1186 2278 1246 2334; x_wconf 69' lang='grc' dir='ltr'><strong>δε</strong></span> <span class='ocrx_word' id='word_1_119' title='bbox 1276 2273 1514 2333; x_wconf 88' lang='lat' dir='ltr'><strong>Patricii</strong></span> 
     </span>
     <span class='ocr_line' id='line_1_21' title="bbox 255 2364 1507 2457; baseline 0 -23"><span class='ocrx_word' id='word_1_120' title='bbox 255 2364 503 2450; x_wconf 86' lang='lat' dir='ltr'><strong>Veneti,</strong></span> <span class='ocrx_word' id='word_1_121' title='bbox 543 2380 642 2457; x_wconf 92' lang='lat' dir='ltr'><strong>qui</strong></span> <span class='ocrx_word' id='word_1_122' title='bbox 697 2379 825 2457; x_wconf 90' lang='lat' dir='ltr'><strong>post</strong></span> <span class='ocrx_word' id='word_1_123' title='bbox 869 2400 902 2437; x_wconf 89' lang='lat' dir='ltr'><strong>a</strong></span> <span class='ocrx_word' id='word_1_124' title='bbox 924 2378 1104 2437; x_wconf 88' lang='lat' dir='ltr'><strong>Paulo</strong></span> <span class='ocrx_word' id='word_1_125' title='bbox 1135 2378 1246 2437; x_wconf 91' lang='lat' dir='ltr'><strong>III.</strong></span> <span class='ocrx_word' id='word_1_126' title='bbox 1278 2378 1507 2435; x_wconf 79' lang='lat' dir='ltr'><strong>virtutis</strong></span> 
     </span>
     <span class='ocr_line' id='line_1_22' title="bbox 253 2479 1505 2558; baseline 0.004 -28"><span class='ocrx_word' id='word_1_127' title='bbox 253 2493 393 2554; x_wconf 85' lang='lat' dir='ltr'><strong>ergo</strong></span> <span class='ocrx_word' id='word_1_128' title='bbox 440 2497 532 2536; x_wconf 88' lang='lat' dir='ltr'><strong>an.</strong></span> <span class='ocrx_word' id='word_1_129' title='bbox 584 2499 894 2537; x_wconf 79' lang='lat' dir='ltr'>MDXXXIX.</span> <span class='ocrx_word' id='word_1_130' title='bbox 944 2480 1006 2538; x_wconf 89' lang='lat' dir='ltr'><strong>in</strong></span> <span class='ocrx_word' id='word_1_131' title='bbox 1036 2479 1505 2558; x_wconf 85' lang='lat' dir='ltr'><strong>Purpuratorum</strong></span> 
     </span>
     <span class='ocr_line' id='line_1_23' title="bbox 252 2567 1504 2655; baseline 0.003 -26"><span class='ocrx_word' id='word_1_132' title='bbox 252 2567 488 2633; x_wconf 88' lang='lat' dir='ltr'><strong>Patrum</strong></span> <span class='ocrx_word' id='word_1_133' title='bbox 526 2573 855 2655; x_wconf 81' lang='lat' dir='ltr'><strong>Collegium</strong></span> <span class='ocrx_word' id='word_1_134' title='bbox 883 2579 962 2637; x_wconf 86' lang='lat' dir='ltr'><strong>est</strong></span> <span class='ocrx_word' id='word_1_135' title='bbox 990 2579 1225 2638; x_wconf 47' lang='lat' dir='ltr'><strong>allecffius</strong></span> <span class='ocrx_word' id='word_1_136' title='bbox 1247 2626 1264 2650; x_wconf 87' lang='lat'>,</span> <span class='ocrx_word' id='word_1_137' title='bbox 1292 2577 1504 2635; x_wconf 82' lang='lat' dir='ltr'><strong>amici·-</strong></span> 
     </span>
    </p>
   </div>
   <div class='ocr_carea' id='block_1_3' title="bbox 219 2671 1503 2858">
    <p class='ocr_par' dir='ltr' id='par_1_3' title="bbox 219 2671 1503 2858">
     <span class='ocr_line' id='line_1_24' title="bbox 219 2671 1503 2746; baseline 0 -11"><span class='ocrx_word' id='word_1_138' title='bbox 219 2676 395 2739; x_wconf 60' lang='lat' dir='ltr'><strong>&gt;tiam</strong></span> <span class='ocrx_word' id='word_1_139' title='bbox 435 2671 492 2740; x_wconf 82' lang='lat' dir='ltr'><strong>se</strong></span> <span class='ocrx_word' id='word_1_140' title='bbox 533 2680 860 2746; x_wconf 86' lang='lat' dir='ltr'><strong>infinuauit.</strong></span> <span class='ocrx_word' id='word_1_141' title='bbox 907 2684 1030 2742; x_wconf 87' lang='lat' dir='ltr'><strong>Hic</strong></span> <span class='ocrx_word' id='word_1_142' title='bbox 1077 2684 1330 2744; x_wconf 83' lang='lat' dir='ltr'><strong>hominis</strong></span> <span class='ocrx_word' id='word_1_143' title='bbox 1383 2681 1503 2736; x_wconf 81' lang='lat' dir='ltr'><strong>ele-</strong></span> 
     </span>
     <span class='ocr_line' id='line_1_25' title="bbox 861 2780 1500 2858; baseline 0.005 -23"><span class='ocrx_word' id='word_1_144' title='bbox 861 2780 919 2840; x_wconf 88' lang='lat' dir='ltr'>A</span> <span class='ocrx_word' id='word_1_145' title='bbox 948 2798 1003 2842; x_wconf 84' lang='lat'><strong>2·</strong></span> <span class='ocrx_word' id='word_1_146' title='bbox 1307 2781 1500 2858; x_wconf 77' lang='lat' dir='ltr'><strong>gantia·</strong></span> 
     </span>
    </p>
   </div>
  </div>
 </body>
</html>
