1931 3239
170 243 354 292 unns
392 243 642 287 uncto
672 241 946 290 MORESQ
973 243 1270 285 Anu-mor.
1318 245 1419 302 275

128 358 248 410 eiosi
279 394 293 415 ,
318 355 418 406 fiue
458 351 571 402 Alti
620 348 960 420 significatum
987 347 1140 399 habet
1171 385 1185 407 ,
1224 368 1316 400 nec
1358 355 1424 407 est

122 444 431 499 ominandus
455 480 470 502 ,
518 453 572 492 vt
600 439 884 492 Matthaeus
936 437 1063 491 falso
1115 440 1369 494 indicauit
1394 483 1409 504 ,

123 541 414 608 Imperator
461 536 815 607 Abyffinorum
849 573 863 595 ,
916 534 999 586 sed
1051 534 1418 607 Aethiopum:

132 630 420 686 Matthaeus
449 630 591 682 enim
621 667 636 689 ,
666 629 912 698 quoniam
954 626 1234 681 Armenius
1282 645 1417 693 erat,

121 748 226 782 non
249 740 447 798 poterat
474 744 551 777 res
576 725 767 776 nostras
796 723 1056 795 perspicue
1086 723 1210 775 scire
1242 764 1255 786 ,
1285 746 1418 796 prae..

123 815 296 869 sertim
323 837 406 870 eas
434 856 448 878 ,
492 835 602 886 quae
643 817 705 868 ad
755 816 911 867 fidem
965 814 1282 873 smeerabant.
1330 820 1422 872 Id..

123 909 268 961 circo
295 910 457 961 multa
483 926 655 959 coram
685 907 1075 959 Prudentiffimo
1119 907 1283 961 felicis
1312 931 1423 964 me-

121 999 300 1050 moriae
328 998 468 1066 Rege
496 996 838 1048 Emmanuele
865 997 1101 1066 exposuit
1131 1037 1144 1058 ,
1175 1018 1288 1068 quae
1318 1004 1421 1053 mi-

123 1092 267 1143 nime
317 1090 452 1158 apud
499 1108 592 1140 nos
641 1090 914 1139 habentur.
964 1088 1026 1138 Id
1077 1105 1248 1141 autem
1301 1091 1424 1144 fecit

122 1205 230 1238 non
258 1186 394 1254 quod
423 1184 630 1235 mentiri
674 1183 893 1233 voluerit
922 1219 936 1241 ‚
968 1183 1158 1252 quippe
1208 1185 1283 1235 vir
1330 1188 1424 1237 bo-

129 1297 227 1330 nus
254 1290 359 1328 erat
389 1316 403 1339 ‚
447 1276 528 1328 sed
552 1276 688 1346 quod
729 1278 781 1328 in
832 1284 981 1326 rebus
1009 1275 1275 1345 religionis
1327 1296 1425 1329 no-

127 1373 235 1426 strae
274 1387 380 1422 non
406 1369 685 1421 admodum
730 1380 833 1418 erat
863 1366 1094 1418 edoetus.

277 1455 635 1507 REGNORVM
690 1468 861 1506 autem
891 1455 1173 1523 &imperii
1226 1457 1422 1512 succes-

124 1543 196 1594 fio
225 1583 240 1604 ‚
268 1565 372 1598 non
401 1550 454 1600 in
481 1549 647 1599 filium
680 1551 970 1600 maximum
1000 1564 1119 1599 natu
1162 1554 1424 1606 transmit-

125 1638 250 1690 titur
278 1678 293 1700 ,
346 1640 428 1690 sed
455 1643 515 1691 ad
549 1661 665 1692 eum
707 1680 718 1700 ‚
764 1642 816 1692 in
845 1660 997 1710 quem
1048 1657 1190 1710 pater
1217 1647 1266 1696 id
1294 1666 1420 1712 con-

122 1733 256 1784 ferre
282 1733 410 1784 vult.
457 1734 522 1785 Et
551 1735 592 1785 is
621 1736 710 1805 qui
738 1737 894 1787 modo
923 1737 1200 1807 imperium
1239 1756 1377 1795 tenet
1411 1784 1426 1805 ‚

127 1826 305 1875 ordine
352 1826 587 1878 nascendi
636 1830 814 1880 tertius
843 1830 908 1879 est
957 1868 967 1887 ,
1002 1832 1142 1899 quod
1190 1835 1272 1901 pia
1302 1856 1427 1905 qua-

126 1919 249 1969 darn
275 1920 557 1970 reuerentia
600 1923 837 1972 emeruit.
890 1921 1032 1973 Cum
1079 1925 1218 1975 enim
1249 1927 1345 1978 filii
1398 1950 1427 1982 a

128 2025 271 2085 patre
300 2012 609 2063 moribundo
646 2051 659 2072 ,
684 2013 738 2063 in
765 2014 917 2083 regiis
949 2015 1087 2067 soliis
1132 2017 1297 2070 sedere
1349 2023 1430 2073 iu-

125 2109 368 2159 berentur
393 2145 404 2166 ,
434 2106 631 2157 caeteris
661 2107 711 2157 id
740 2107 1066 2169 facientibus,
1101 2110 1233 2164 solus
1263 2116 1312 2165 id
1341 2117 1419 2168 fa-

140 2211 253 2246 cere
283 2197 536 2249 recusauit
562 2235 603 2259 ‚s
643 2199 765 2250 abslt
794 2237 809 2260 ‚
838 2199 1007 2267 inquit
1029 2240 1044 2259 ,
1080 2204 1129 2253 id
1157 2206 1286 2256 mihi
1337 2209 1431 2259 tri-

128 2329 169 2353 „
200 2294 310 2353 bui,
338 2307 390 2345 vt
417 2294 470 2344 in
497 2294 733 2345 cathedra
765 2293 982 2345 Domini
1017 2299 1118 2349 mei
1147 2298 1417 2365 sedeam.‚‚

128 2387 251 2457 Qua
275 2390 465 2457 pietate
492 2409 521 2440 a
547 2402 688 2458 patre
734 2390 1107 2459 circumspe&a
1136 2433 1149 2453 ,
1197 2396 1242 2446 ei
1272 2417 1426 2467 regna

131 2498 192 2531 ac
219 2481 494 2549 imperium
522 2481 1012 2535 tradidit.·&1⁷0catur
1040 2485 1081 2535 is
1109 2502 1281 2539 autem
1313 2489 1424 2542 Da-

126 2573 215 2623 uid
244 2611 257 2632 ,
286 2574 430 2624 cuius
458 2574 662 2642 imperii
714 2575 936 2626 ditiones
964 2591 1070 2627 tam
1101 2576 1419 2631 Christiano-

124 2683 240 2723 rum
272 2705 286 2728 ,
326 2685 481 2736 quam
510 2667 852 2722 Ethnicorum
883 2671 1026 2723 mirae
1063 2672 1420 2740 ampiitudinis

1250 2764 1384 2816 sunt.
