1965 3223
593 243 698 298 354
947 252 1236 292 DAM1AN1
1286 257 1327 292 A
1371 258 1515 298 coss

582 369 676 417 pro
703 363 819 402 voto
857 350 1147 410 succeffisset
1175 399 1188 420 ,
1228 363 1369 414 iubet
1394 364 1612 419 Aluarus
1639 369 1868 426 Castrius

579 448 780 516 (quum
811 486 824 507 ,
866 448 919 498 in
945 468 1046 517 quo
1073 453 1195 503 statu
1240 474 1315 505 res
1346 456 1562 510 Dienses
1600 463 1857 516 versaren-

578 552 662 589 tur
688 578 701 598 ,
729 543 885 608 probe
920 541 1065 593 sciret
1089 541 1105 608 )
1132 559 1184 596 vt
1210 546 1352 598 classe
1379 548 1631 602 dissbciata
1660 591 1673 612 ,
1720 556 1865 606 nullo

573 637 771 687 seruato
799 641 972 691 ordine
997 679 1010 700 ‚
1033 641 1232 695 seorsim
1277 648 1613 718 vnusquisque
1646 651 1812 701 Dium
1846 689 1860 707 ‚

573 749 674 798 qua
701 732 855 800 posset
897 736 1089 786 ratione
1121 774 1133 794 ‚
1180 753 1388 806 peteret.
1437 743 1615 810 Itaque
1658 743 1853 813 separa-

573 823 665 873 tim
689 825 789 875 illis
810 827 1166 894 nauigantibus
1196 867 1209 888 ,
1246 834 1408 883 ventis
1437 835 1737 907 plerumque
1760 837 1858 885 ob-

570 917 814 967 stantibus
839 955 851 975 ‚
893 921 1046 987 primi
1076 923 1311 973 omnium
1337 927 1482 976 Vnica
1511 946 1638 978 naue
1682 928 1853 980 Anto-

576 1016 690 1065 nius
732 1011 988 1063 R‘Tonisius
1024 1016 1074 1065 δε
1108 1015 1388 1067 Gratianus
1431 1018 1713 1072 Rodericus
1742 1023 1856 1075 Ta-

568 1108 690 1155 bora
721 1143 734 1162 ,
766 1103 1016 1162 Diensem
1043 1120 1249 1175 portum
1273 1108 1642 1177 ingrediuntur.
1674 1109 1723 1160 A
1743 1114 1859 1180 qui-

567 1194 659 1243 bus
679 1232 692 1252 ‚
721 1195 779 1244 de
802 1197 1096 1265 propediem
1136 1194 1352 1248 affuturo
1381 1196 1595 1249 subfidio
1622 1219 1809 1269 magno
1831 1238 1845 1259 ‚

566 1302 685 1335 cum
736 1289 923 1356 gaudio
968 1288 1134 1340 faetus
1198 1289 1383 1340 certior
1439 1288 1796 1360 Mascaregnas
1837 1329 1852 1349 ,

564 1378 798 1444 protinus
825 1380 1039 1430 eandem
1083 1380 1245 1448 ipsam
1289 1380 1462 1431 nauim
1501 1379 1695 1432 Aluaro
1746 1380 1853 1432 Ca-

568 1472 688 1524 strio
731 1472 938 1522 obuiam
979 1472 1169 1523 remifit
1197 1512 1211 1532 ‚
1260 1474 1416 1541 inqua
1456 1473 1609 1540 paulo
1652 1473 1759 1542 post
1791 1475 1853 1523 ad

563 1579 770 1636 portum
818 1565 1118 1616 Ludouicus
1164 1566 1361 1617 Melius
1387 1563 1656 1616 Niendoza
1684 1565 1848 1635 appli-

563 1662 669 1710 cuit
690 1699 702 1719 ‚
733 1680 884 1728 quem
912 1660 1175 1711 Eduardus
1204 1660 1464 1710 Menefius
1491 1660 1692 1711 Pereira
1711 1697 1724 1718 ,
1755 1675 1845 1708 co-

563 1753 705 1801 mitis
736 1751 1080 1802 Ferreirienfis
1101 1749 1235 1801 filius
1264 1789 1278 1810 ,
1318 1751 1515 1800 iuuenis
1542 1750 1761 1818 impiger
1787 1765 1845 1798 ae

561 1843 786 1894 strenuus
816 1843 1149 1913 subsequutus
1199 1842 1282 1892 est.
1328 1841 1442 1894 Post
1492 1859 1711 1910 quorum
1759 1859 1846 1891 ac-

562 1938 746 1988 ceffum
803 1937 865 1986 ad
891 1938 1073 1988 turrim
1120 1936 1194 1987 D.
1225 1935 1453 1987 Thomae
1485 1974 1497 1994 ,
1521 1937 1538 1999 (
1565 1935 1710 1986 cuius
1746 1953 1843 2003 po-

565 2034 740 2084 sterior
764 2050 879 2100 pars
911 2069 924 2089 ,
953 2043 1006 2080 vt
1034 2029 1491 2080 demonstrauimus
1514 2067 1530 2086 ,
1557 2027 1841 2095 corruerat)

558 2128 739 2176 acriter
780 2123 915 2175 bello
951 2123 1254 2175 dimicatum
1299 2122 1385 2174 est.
1446 2121 1541 2172 Sed
1583 2122 1838 2191 praeualen

554 2231 629 2265 tes
678 2217 839 2266 hostes
890 2217 1006 2266 loco
1038 2216 1189 2286 potiti
1212 2215 1345 2266 sunt.
1387 2213 1842 2283 Qlamobremin-

556 2307 722 2359 fensus
751 2308 1110 2378 Mascaregnas
1140 2348 1154 2369 ,
1198 2327 1289 2378 per
1336 2309 1514 2359 omnia
1538 2307 1836 2358 discrimina
1896 2371 1903 2374 ἢ

556 2401 842 2470 insequenti
879 2406 959 2453 die
985 2407 1202 2456 hostium
1228 2406 1358 2456 vires
1405 2406 1469 2455 ad
1492 2405 1710 2455 eundem
1758 2402 1838 2451 lo·-

557 2510 674 2543 cum
697 2508 888 2546 tentare
909 2534 921 2554 ,
945 2495 1245 2565 fortiorique
1269 2517 1423 2549 manu
1451 2498 1688 2549 inuadere
1713 2510 1833 2563 pro-

554 2586 719 2653 ponit.
768 2585 946 2655 Itaque
981 2585 1176 2637 selecTts
1214 2590 1468 2640 militibus
1494 2627 1509 2648 ,
1549 2591 1611 2639 de
1637 2588 1832 2651 impro-

553 2676 661 2727 uiso
689 2679 937 2750 impetum
974 2678 1113 2731 fecit.
1161 2679 1432 2733 Deturbati
1465 2681 1621 2748 igitur
1645 2675 1827 2732 hostes,

1685 2766 1794 2818 sau-
