1931 3239
223 248 394 285 FIDEs
423 240 675 281 REL1G10
704 234 978 293 MORESQ
1005 246 1306 289 AETHIOP.
1357 256 1454 310 197

162 390 202 416 ‚,
230 371 338 413 mo,
362 352 413 403 &
435 348 673 405 alti'ffimo
695 347 882 400 Ioanni
909 350 1038 420 Regi
1088 351 1415 424 Portugalliae
1440 397 1453 416 ‚

159 483 198 506 „
223 446 275 497 &
305 442 707 514 Algarbiorum,
758 442 869 494 filio
931 443 1092 514 Regis
1146 445 1464 500 Emmanue-

158 577 197 603 ‚,
222 543 305 594 lis.
348 540 458 593 Pax
482 541 542 592 fit
587 539 726 600 tibi,
763 539 812 591 &
861 541 1022 610 gratia
1062 540 1285 593 Domini
1313 543 1467 594 nostri

159 671 196 696 ,‚
225 632 343 686 Iesu
369 632 565 686 Christi
614 632 674 684 fit
695 631 894 704 semper
917 645 1114 686 tecum.
1158 634 1351 686 Amen.

260 763 299 786 ‚,
322 725 403 778 Eo
422 739 656 798 tempore
678 743 783 795 quo
821 726 884 776 ad
905 744 992 777 me
1038 725 1258 777 relatum
1298 725 1366 776 est
1391 725 1454 775 de

153 853 192 878 ‚,
218 821 445 890 potentia
462 821 621 892 Regis
643 822 802 893 patris
827 821 903 872 tui
928 859 941 881 ,
1003 822 1091 890 qui
1120 820 1340 873 Mauros
1361 819 1464 870 foe-

155 953 194 975 „
219 916 402 968 diffimi
428 916 755 971 Mahumetis
808 917 942 969 filios
989 918 1275 970 debellabat
1304 957 1318 978 ‚
1344 917 1463 968 Deo

158 1046 194 1069 ‚‚
222 1010 407 1079 gratias
452 1012 684 1082 ingentes
743 1011 823 1080 egi
854 1049 869 1072 ,
912 1024 1121 1082 propter
1169 1011 1461 1061 incremen-

167 1138 204 1161 ‚,
233 1114 345 1152 tum
372 1141 386 1163 ,
411 1105 461 1155 &
482 1104 895 1174 magnitudinem
928 1142 942 1164 ‚
982 1107 1033 1155 &
1060 1121 1305 1154 coronam
1333 1121 1460 1153 con-

157 1226 196 1251 „
226 1191 557 1255 seruatIOnis,
599 1196 654 1246 in
699 1197 856 1245 domo
883 1193 1307 1245 Christianitatis.

261 1326 299 1349 ‚,
329 1288 663 1339 SIMILITER
736 1286 990 1337 summam
1063 1287 1175 1356 cepi
1225 1286 1459 1354 volupta-

173 1417 209 1440 ‚,
241 1393 349 1431 tem
416 1398 480 1432 ex
527 1381 809 1450 legatorum
857 1380 1078 1430 aduentu
1106 1418 1119 1439 ,
1171 1380 1259 1448 qui
1309 1383 1458 1432 verba

157 1510 194 1532 ‚,
223 1473 377 1542 ipfius
409 1473 566 1543 Regis
593 1473 654 1524 ad
691 1491 775 1523 me
798 1474 1086 1524 detulerunt
1116 1511 1128 1531 ‚
1165 1490 1229 1522 ex
1257 1475 1445 1542 quibus

161 1604 200 1627 ‚,
225 1567 493 1637 singularis
537 1586 685 1618 amor
708 1607 721 1627 ‚
752 1569 801 1618 ἃ
852 1568 1070 1626 notitia,
1116 1569 1166 1619 δί
1216 1568 1451 1619 amicitia

168 1701 206 1725 „
234 1664 368 1714 inter
436 1682 530 1715 nos
576 1664 757 1715 effe&a
801 1664 867 1714 est
887 1703 900 1724 ,
946 1665 1008 1714 ad
1060 1663 1416 1713 crradicandos
1444 1703 1455 1721 .

157 1790 197 1813 „
225 1753 653 1824 expellendosque
699 1756 955 1826 malignos
1006 1754 1222 1807 IVIauros
1258 1792 1273 1813 ‚
1301 1757 1350 1807 δε
1379 1756 1458 1806 in-

160 1881 199 1905 „
228 1847 461 1896 credulos
483 1846 721 1898 Gentiles
745 1886 758 1907 ,
798 1848 1144 1915 qui-habitant
1170 1847 1302 1896 inter
1326 1858 1412 1894 tua
1437 1881 1449 1899 ,

159 1981 198 2005 „
226 1960 441 2012 meaque
461 1961 632 2012 regna.
678 1945 826 1995 Dum
853 1946 1004 1995 effem
1025 1944 1079 1993 in
1098 1942 1192 1992 hac
1220 1941 1398 1992 {aetitia
1424 1978 1436 1998 ‚

162 2073 202 2098 „
231 2038 407 2089 audiui
443 2050 590 2089 tuum
610 2057 917 2108 ,meumque
943 2052 1163 2109 patrem,
1190 2038 1332 2107 prius
1358 2035 1451 2086 effe

164 2166 205 2190 „
234 2131 338 2181 vita
392 2131 729 2191 defunehnn,
771 2150 926 2202 quam
982 2133 1100 2183 hinc
1137 2133 1330 2201 legatos
1383 2132 1446 2182 ad

158 2260 196 2284 ‚,
224 2240 343 2273 eum
364 2223 646 2276 mitterem.
678 2225 1036 2295 Quamobrem
1058 2225 1305 2294 gaudium
1328 2241 1441 2274 me-

158 2349 197 2373 „
225 2333 315 2366 um
363 2316 418 2367 in
457 2333 734 2368 moerorem
776 2318 942 2369 subito
1000 2317 1304 2369 conuersum
1348 2316 1448 2373 est,

159 2445 197 2469 „
227 2410 297 2463 ita
331 2424 385 2463 vt
411 2414 465 2464 in
492 2414 592 2464 hoc
619 2415 789 2465 cordis
832 2415 936 2466 mei
983 2415 1158 2466 dolore
1184 2455 1196 2475 ,
1237 2433 1450 2466 meeum

156 2538 196 2562 ‚‚
223 2504 379 2555 etiam
426 2507 554 2558 aulae
591 2507 768 2559 nostrae
818 2527 1054 2578 proceres
1076 2548 1090 2568 ‚
1143 2509 1191 2559 δε
1237 2507 1441 2559 Praelati

153 2630 194 2654 „
223 2593 558 2649 Ecclefiastici
587 2637 600 2658 ,
641 2600 689 2651 δε
718 2602 803 2670 qui
851 2602 907 2652 in
934 2600 1252 2652 monasteriis
1284 2599 1397 2649 sunt
1429 2637 1443 2656 ,

157 2721 196 2746 ῃ
224 2690 500 2762 omnesque
527 2693 736 2746 demum
764 2693 952 2747 subditi
978 2695 1127 2746 nostri
1168 2693 1444 2743 vehemen-

1321 2779 1409 2832 tis-
