1965 3256
570 218 642 279 82
974 232 1262 278 DAMMNI
1324 238 1360 277 A
1413 236 1551 281 cons

673 347 868 401 Ioannes
902 348 1045 401 huius
1082 347 1283 402 nominis
1299 347 1488 416 primus
1511 386 1525 407 ,
1564 348 1672 400 Rex
1713 347 1820 400 Lu-

546 443 766 517 fitaniae
785 481 798 502 ,
826 443 908 512 qui
933 461 1036 493 cum
1062 441 1190 508 inops
1220 444 1276 496 ἅθ’
1295 440 1503 492 abiectus
1528 441 1632 512 effi‘t
1654 480 1667 502 ‚
1699 455 1819 511 pro-

557 537 680 606 pria
705 548 813 587 arte
844 574 856 594 ,
882 532 947 584 ὒν
965 535 1150 585 virtute
1174 570 1186 592 ,
1221 533 1820 610 Castellaniskmaioreque

557 640 702 700 parte
736 628 1072 699 Lusitanorum
1117 626 1260 676 etiam
1299 628 1560 678 reluc‘tante
1597 664 1611 686 ,
1663 640 1812 679 totum

565 741 762 793 regnum
782 720 885 791 fibi
910 720 1213 772 vendicavit.

679 816 834 866 Comes
861 813 1051 865 Nonius
1074 813 1289 866 Aluarez
1313 814 1522 865 Pereira
1549 815 1822 885 Lusitanus,

572 910 658 978 qui
684 907 833 974 Regis
861 905 1142 976 temporibus
1167 907 1299 958 vixit
1319 943 1333 964 ,
1359 906 1495 957 cuius
1520 906 1718 974 infignia
1738 928 1824 974 ge-

552 981 640 1073 sta
676 1000 900 1070 historiae
925 1002 1105 1070 nostrae
1131 1003 1225 1052 late
1254 1003 1539 1070 praedicant
1566 1039 1579 1060 ‚
1607 1001 1692 1050 vir
1702 1002 1827 1070 sane

568 1092 903 1158 magnanimus
929 1127 943 1149 ,
991 1094 1046 1142 &³
1075 1093 1236 1161 supra
1284 1092 1518 1143 hominum
1570 1094 1701 1142 vires
1766 1092 1818 1140 in

567 1184 916 1252 bellostrenuus
936 1224 948 1245 ,
994 1202 1050 1234 ex
1089 1206 1174 1253 quo
1201 1187 1366 1238 Duces
1394 1185 1686 1256 Brigantiae
1728 1187 1826 1237 ori-

568 1277 775 1343 riginem
809 1276 957 1347 suam
983 1280 1184 1330 ducunt.

682 1369 1017 1421 Ferdz'nandus
1061 1370 1230 1441 Infans
1272 1372 1494 1443 Castellae
1512 1410 1525 1430 ,
1575 1371 1657 1440 qui
1675 1370 1826 1438 prstea

559 1463 673 1534 fuit
720 1466 892 1515 alenus
919 1464 1027 1515 Rex
1052 1465 1325 1533 Aragoniae
1353 1506 1365 1527 ‚
1395 1469 1478 1536 qui
1502 1467 1650 1516 miras
1675 1464 1828 1514 υἷι-’ΐο-

568 1553 671 1604 rias
696 1569 862 1608 contra
889 1559 1100 1610 Mauros
1129 1559 1178 1609 in
1205 1560 1306 1630 ipsa
1328 1560 1576 1631 Hispania
1604 1557 1831 1620 obtinuit,

566 1659 625 1696 vt
655 1650 885 1717 testantur
925 1650 1166 1719 historiae.

676 1741 753 1791 D.
778 1741 1063 1812 Franciscus
1090 1740 1148 1790 ab
1176 1741 1393 1792 Almeida
1421 1741 1676 1812 Lusitanus
1706 1780 1718 1799 ‚
1749 1744 1830 1810 qui

569 1831 754 1899 ingenti
779 1831 912 1900 cloffe
938 1831 1225 1902 Babyloniae
1264 1833 1459 1882 Sullani
1494 1845 1634 1900 atque
1659 1835 1830 1884 multo-

569 1945 679 1975 rum
705 1926 869 1976 Indiae
911 1925 1178 1977 Orientalis
1218 1927 1405 1993 Regum
1431 1926 1619 1976 deuiita
1646 1964 1659 1985 ,
1690 1924 1824 1977 Tur-

567 2038 649 2069 cas
699 2039 755 2069 ex
805 2019 906 2089 ipsa
950 2018 1092 2070 India
1124 2021 1306 2090 expulit
1334 2058 1347 2079 ‚
1391 2020 1524 2072 cuius
1551 2020 1826 2071 Ludouicus

569 2114 664 2164 Ro.
695 2116 742 2164 in
755 2115 848 2185 suo
869 2114 1124 2167 itinerario
1150 2117 1352 2185 amplam
1364 2114 1500 2186 facit
1519 2114 1817 2164 mentionem.

674 2208 895 2278 Alfonsus
932 2211 987 2259 de
1021 2209 1353 2279 Albaquerque
1405 2209 1661 2280 Lusitanus
1687 2244 1702 2263 ,
1738 2206 1821 2274 qui

555 2299 718 2368 ferme
756 2312 898 2350 totam
928 2300 1222 2352 Orientalem
1246 2303 1434 2353 Indiam
1451 2300 1549 2373 sub
1578 2299 1828 2370 imperium

570 2374 775 2441 nostrum
825 2372 1035 2422 reduxit.

669 2467 1003 2518 Ferdinandus
1026 2486 1058 2517 a
1081 2468 1211 2518 Valle
1227 2505 1240 2525 ‚
1264 2467 1496 2518 Marchio
1517 2469 1572 2516 de
1594 2463 1827 2534 Pescara2

575 2561 657 2630 qui
697 2562 860 2612 Gallos
890 2565 1021 2632 apud
1044 2562 1266 2612 Ticinum
1290 2561 1564 2620 debellauit,
1594 2559 1750 2629 eosque
1773 2575 1830 2606 ex

577 2648 727 2704 Italia
748 2653 960 2725 fugauit
985 2691 998 2714 ‚
1027 2673 1113 2722 quo
1151 2652 1200 2704 in
1217 2651 1387 2722 praelio
1417 2649 1676 2719 Francisus
1704 2647 1829 2698 Gal-

1681 2742 1834 2791 lorum
