1931 3239
147 249 320 287 Emsss
352 236 617 281 RELIGIO
638 229 924 278 MORERQ
947 228 1245 262 AE‘rffloP.
1293 229 1397 283 209

124 392 161 415 ,‚
190 373 249 424 ge
275 344 560 401 Christiano
579 378 593 399 ,
613 338 694 389 vel
722 335 832 405 ipso
855 332 1242 389 Pontificffiaut
1266 351 1398 381 nun-

111 481 150 503 „
173 446 328 497 cium,
349 448 434 487 aut
449 428 880 485 omninolitteras
903 423 1216 490 recepimus.
1250 422 1397 486 Qu]-

112 573 149 595 ,‚
178 547 331 600 quam
382 527 436 578 in
466 523 707 576 Archivis
755 517 936 588 proavi
989 515 1143 567 nostri
1191 514 1400 564 seminis

109 662 146 685 „
178 623 335 674 Iacob
362 638 535 672 earum
578 616 863 668 litterarum
911 612 1166 661 memoria
1194 608 1401 660 conser-

104 751 143 774 „
170 727 313 765 vetur
338 753 350 773 ,
391 730 514 782 quas
545 710 680 777 Papa
709 706 977 757 Romanus
1000 740 1013 761 ,
1047 701 1261 752 nomine
1289 701 1399 753 Eu-

105 842 144 866 „
174 805 356 875 genius
383 842 396 863 ‚
425 803 486 853 ad
512 803 602 851 has
629 814 784 849 terras
817 793 953 846 misit
987 831 1000 851 ,
1040 810 1159 844 cum
1191 793 1296 862 ipse
1324 792 1401 842 se-

111 933 149 956 „
179 913 300 945 men
333 895 491 946 Iacob
512 906 742 962 regnaret
769 928 782 949 ‚
831 887 946 938 Rex
974 886 1178 956 Regum
1206 887 1260 937 in
1287 885 1405 935 vni-

107 1025 146 1046 „
176 986 317 1038 versa
343 985 612 1053 AEthiopia
633 1021 645 1041 ‚
675 981 789 1032 Rex
811 980 1135 1031 metuendus.
1168 979 1404 1031 Praescri-

105 1111 141 1133 ‚,
174 1075 283 1145 ptio
309 1088 482 1125 autem
529 1073 815 1122 litterarum
842 1068 951 1117 haec
978 1082 1083 1117 erat
1101 1091 1115 1118 .·
1157 1069 1406 1137 Eugenius

107 1201 144 1223 ‚‚
173 1166 418 1216 Romanus
442 1161 672 1232 Pontifex
694 1198 708 1219 ,
737 1160 847 1228 filio
873 1159 1042 1209 dilefflo
1073 1161 1221 1228 nestro
1252 1159 1417 1225 Regis

104 1295 143 1319 ‚,
170 1261 416 1330 exsemine
462 1256 640 1315 Iacob,
683 1253 811 1321 Regi
851 1253 1038 1321 Regum
1081 1254 1130 1303 in
1175 1254 1405 1323 universa

108 1387 144 1409 ,‚
172 1351 422 1420 AEthiopia
441 1389 455 1410 ,
495 1349 700 1401 maxime
728 1347 967 1397 metuendo
991 1383 1004 1404 ,
1038 1348 1142 1396 Εὔα.
1172 1345 1237 1396 In
1266 1344 1406 1395 sum-

105 1481 144 1504 ,‚
173 1464 257 1497 ma
288 1460 459 1497 autem
503 1446 790 1496 litterarum
849 1443 1168 1512 fignificabat
1194 1482 1207 1502 ,
1235 1443 1405 1493 filium

103 1571 143 1595 „
170 1535 316 1587 suurn
347 1537 597 1587 Ioannem
625 1534 973 1604 Palaeologum
998 1572 1010 1592 ,
1059 1534 1144 1602 qui
1190 1534 1402 1584 biennio

105 1665 142 1687 „
169 1643 286 1680 ante
313 1630 429 1680 effet
450 1642 704 1687 mortuus,
734 1628 933 1698 Regem
962 1628 1168 1697 Regum
1192 1630 1404 1680 Romae-

103 1755 142 1777 „
171 1737 320 1771 orum
346 1759 359 1779 ,
411 1720 472 1770 ad
517 1718 907 1772 Sacrosan&am
958 1719 1224 1790 Synodum
1266 1723 1404 1772 cele-

104 1846 143 1869 „
169 1812 415 1862 brandam
451 1828 723 1866 evocatum
752 1815 895 1865 fuisse
921 1853 933 1873 ‚
977 1816 1023 1865 &
1064 1831 1185 1864 cum
1226 1832 1287 1864 eo
1315 1814 1405 1864 Io-

105 1935 142 1957 „
172 1897 387 1964 sephurn
448 1901 802 1954 Patriarcham
870 1903 1408 1969 Constantinopolita-

107 2024 146 2046 ‚‚
179 2004 304 2036 num
326 1988 508 2039 veniffe
534 2028 547 2048 ,
577 2009 698 2041 cum
718 2009 907 2060 magno
931 2010 1147 2041 numero
1178 1990 1401 2041 Archie-

109 2115 146 2137 ‚‚
176 2077 547 2147 piscoporum,
591 2083 640 2132 &
678 2081 1053 2150 Episcoporum
1082 2121 1096 2141 ,
1147 2081 1197 2133 δε
1237 2079 1408 2130 omnis

105 2211 143 2232 „
168 2174 370 2242 generis
397 2175 728 2225 Praelatorum
750 2213 763 2234 ,
794 2176 846 2225 in
874 2177 1061 2244 quibus
1088 2175 1247 2224 etiam
1276 2174 1402 2226 fuis-

104 2301 142 2325 ,‚
170 2264 278 2316 sent
333 2264 689 2317 Procuratores
748 2266 1158 2317 Patriarcharum
1211 2264 1402 2316 Antio-

103 2395 141 2419 „
170 2359 320 2408 cheni
357 2397 370 2417 ‚
412 2359 752 2411 Alexandrini
785 2398 800 2419 ‚
852 2362 901 2411 &
927 2358 1398 2411 Hierosolimitani.

103 2490 141 2515 ‚,
171 2453 278 2522 Qi
299 2473 478 2507 omnes
522 2457 575 2509 se
615 2476 734 2508 cum
760 2458 943 2508 san&ae
971 2458 1092 2508 fidei
1120 2496 1133 2517 ,
1179 2459 1228 2509 &
1279 2459 1401 2510 reli-

100 2581 139 2606 „
170 2545 339 2613 gionis
361 2566 537 2599 amore
563 2549 778 2601 firmiter
806 2549 1221 2618 conjunxissent,
1251 2548 1400 2599 cons-

101 2639 413 2711 „titutaque
458 2643 650 2697 unitate
679 2644 955 2704 Eccleiiae,
997 2644 1216 2696 sublatas
1262 2642 1406 2691 fuiffe

1269 2746 1403 2786 ant]-
