1965 3256
572 246 675 318 306
966 266 1247 305 DAMIANI
1303 273 1342 308 A
1392 269 1539 310 eoEs

533 370 814 421 velcontra
852 371 898 422 se
930 411 942 431 ,
992 375 1068 423 vel
1120 389 1292 426 contra
1341 379 1656 434 Christianos
1706 380 1803 432 ali-

533 462 658 531 quid
694 464 1013 516 molirentur.
1063 467 1174 536 Ipse
1200 470 1403 524 interim
1432 475 1563 526 clam
1593 475 1815 526 militem

534 557 804 616 accersere,
828 558 1226 627 bombardasque
1246 566 1399 614 ηοᾶυ
1422 567 1470 616 in
1496 569 1665 618 vrb-em
1690 586 1817 617 con-

535 644 743 696 uehere:
778 644 1132 716 Mascaregnas
1185 664 1359 702 contra
1390 694 1402 714 ,
1447 671 1553 704 rem
1583 654 1815 703 frumen-

535 737 719 788 tariam
786 740 1024 806 expedire
1052 780 1064 800 ,
1111 742 1478 811 necessariaque
1549 744 1599 793 in
1646 762 1817 795 arcem

536 836 846 904 comportari
878 835 1079 894 iubere,
1111 834 1495 904 Lufitanosque‚
1527 838 1611 904 qui
1645 836 1694 886 in
1723 855 1818 905 op-

534 934 657 1002 pido
678 934 893 1002 agebant
924 969 936 988 ‚
973 932 1105 981 clam
1128 932 1402 980 admonere
1437 969 1450 989 ‚
1477 945 1527 981 vt
1556 949 1819 981 commea-

533 1035 646 1073 tum
671 1060 684 1081 ,
726 1023 776 1071 &
802 1020 1046 1087 quicquid
1098 1019 1339 1067 haberent
1364 1054 1376 1072 ‚
1407 1035 1502 1067 vna
1544 1017 1711 1068 secum
1765 1019 1818 1069 in

539 1132 710 1164 arcem
760 1112 1086 1162 deueherent.
1135 1110 1280 1161 Dum
1329 1109 1485 1178 igitur
1515 1110 1704 1161 infidiae
1747 1113 1822 1161 al-

535 1206 782 1257 trinsecus
813 1206 886 1256 vel
920 1203 1230 1255 instruuntur
1250 1242 1263 1262 ,
1290 1203 1367 1253 vel
1394 1217 1662 1263 canentur,
1689 1224 1824 1256 nun-

535 1300 603 1350 cii
653 1300 979 1351 aduenientes
1050 1298 1275 1350 referunt
1384 1309 1550 1348 totum
1599 1317 1813 1367 regnum

536 1390 802 1445 Cambaiae
839 1393 931 1444 effe
959 1394 1011 1443 in
1037 1391 1193 1441 armis
1222 1428 1235 1448 ,
1283 1389 1512 1459 ingentes
1552 1390 1811 1440 exercitus

535 1490 648 1559 cogi
680 1488 909 1539 Arabum
941 1526 953 1546 ,
982 1487 1340 1555 Abyffinorum
1360 1522 1372 1542 ,
1397 1484 1822 1541 Phartachorum,

538 1582 828 1651 {Mogorum
861 1620 873 1639 ‚
916 1582 963 1631 &
1005 1579 1301 1631 Turcarum
1334 1615 1347 1636 ,
1400 1578 1461 1626 ad
1487 1575 1823 1644 quadraginta

537 1678 731 1728 millia:
770 1677 1033 1727 machinas
1061 1674 1184 1724 item
1214 1672 1422 1722 bellicas
1447 1707 1462 1729 ,
1485 1666 1817 1719 bombardas-

540 1792 639 1841 que
661 1773 831 1823 omnis
858 1772 1056 1841 generis
1088 1809 1100 1828 ,
1124 1770 1254 1819 inter
1275 1787 1397 1836 quas
1424 1781 1566 1817 erant
1593 1766 1821 1834 quinque

539 1859 747 1910 bafilisei
780 1865 793 1912 (
824 1860 966 1911 vastae
996 1862 1045 1910 id
1071 1857 1441 1928 magnitudinis
1468 1851 1821 1919 tormentum)

537 1957 600 2007 ad
624 1955 755 2005 arcis
806 1955 1246 2024 expugnationem
1296 1948 1627 2019 comportari.
1671 1946 1820 1998 Mas-

539 2067 781 2119 caregnas
809 2064 987 2102 contra
1021 2053 1116 2119 (vt
1167 2050 1233 2100 est
1258 2049 1415 2098 homo
1463 2047 1534 2096 rei
1581 2042 1821 2094 militaris

541 2141 770 2211 peritus)
810 2145 986 2194 omnia
1030 2141 1366 2198 diffimulare‚
1408 2155 1466 2188 ac
1512 2153 1600 2204 per
1625 2133 1820 2183 litteras

542 2235 771 2303 Sopharo
815 2237 1051 2303 gratulari
1090 2274 1104 2295 ,
1141 2235 1277 2303 quod
1329 2231 1460 2299 Regi
1524 2243 1589 2278 ex
1627 2224 1814 2274 merito

541 2325 722 2375 charus
757 2327 901 2376 effet:
931 2327 976 2376 se
1005 2329 1158 2395 probe
1184 2323 1488 2395 cognoscere
1519 2359 1532 2378 ‚
1558 2336 1669 2388 quae
1695 2315 1820 2384 ipfi-

543 2432 602 2463 us
632 2412 785 2463 essent
824 2415 1071 2464 beneficia
1110 2416 1161 2465 in
1190 2431 1404 2483 regnum
1431 2408 1695 2462 CambaIae
1726 2443 1740 2464 ,
1768 2422 1827 2455 ae

544 2505 783 2574 inprimis
861 2506 1108 2573 gaudere,
1178 2507 1327 2574 ipfius
1380 2505 1591 2555 virtutes
1639 2499 1824 2551 debitis

546 2598 772 2668 praemiis
808 2635 823 2657 ,
863 2596 896 2647 fi
925 2614 1028 2647 non
1072 2597 1133 2646 ad
1183 2597 1391 2662 plenum
1441 2597 1606 2662 (nam
1633 2591 1825 2642 maiora

546 2684 640 2737 effe
687 2685 826 2746 illius
873 2681 1096 2751 merita)
1147 2681 1327 2737 saltem
1360 2682 1530 2750 aliqua
1578 2695 1641 2737 ex
1685 2684 1826 2743 parte

1648 2783 1792 2820 com.-
