1998 3256
554 261 596 300 x
834 263 1116 303 DAMIANI
1169 266 1209 304 A
1257 265 1417 326 coes.

513 367 827 446 profligatis
894 372 1214 432 Tan-earum
1248 374 1451 453 ‘copiis
1511 374 1748 438 vietoria

509 475 618 532 fint
644 474 1059 551 potiti.Lappiae
1079 478 1345 555 descriptio
1368 498 1429 534 ac
1456 478 1746 552 deploratio.

509 580 761 635 Laudatio
788 577 930 633 item
960 578 1227 654 Hffpaniae
1251 624 1267 648 ,
1289 599 1464 657 quam
1493 577 1748 648 NanniO,

506 698 568 739 vt
595 681 895 738 vietoriam
923 682 1081 740 illam
1131 683 1352 740 Bembo
1377 727 1393 752 ,
1425 680 1705 757 inscripfit
1731 724 1750 750 ,

502 782 602 857 qui
638 796 763 838 tum
794 782 1073 841 Venetam
1100 784 1485 842 meditabatur
1533 781 1741 839 Histo-

501 884 667 943 riam.
713 886 1023 945 Sebastiani
1074 906 1269 946 autem
1306 886 1592 945 Munsteri
1643 905 1743 942 ca·-

497 988 744 1047 lumnias
771 990 976 1050 refellit
998 1039 1013 1062 ,
1059 995 1158 1070 qui
1188 992 1479 1071 Hispanos
1510 990 1738 1050 fameli-

496 1110 591 1148 cos
621 1139 636 1162 ,
663 1093 735 1150 de
761 1094 947 1152 alieno
969 1094 1191 1174 semper
1230 1095 1444 1153 saturos
1472 1141 1488 1164 ,
1518 1094 1578 1152 &
1628 1114 1732 1170 pe-

496 1194 746 1270 regrinos
774 1196 1034 1254 homines
1065 1243 1080 1265 ,
1105 1197 1276 1254 duros
1304 1244 1319 1266 ,
1348 1199 1561 1254 feroces
1582 1241 1598 1264 ,
1619 1195 1739 1250 im-

490 1312 685 1353 manes
714 1344 729 1368 ‚
760 1298 1055 1375 imperitos
1077 1345 1094 1370 ,
1147 1299 1382 1377 ingenio
1433 1298 1686 1357 infelices
1715 1345 1734 1369 ,

487 1396 833 1480 inelegantes
882 1403 943 1460 in
969 1403 1063 1461 sua
1091 1400 1528 1485 cosmographia
1557 1419 1731 1462 vene-

487 1505 575 1560 nis
627 1506 828 1564 referta
878 1511 1141 1568 vocasset.
1188 1509 1493 1584 Aethzopica
1541 1526 1730 1583 quoque
1763 1529 1766 1531 ·

485 1611 668 1687 legatio
695 1633 965 1693 magnam
994 1615 1206 1694 legenti
1238 1613 1594 1689 voluptatem
1620 1609 1727 1667 ad-

481 1713 590 1769 fert
624 1737 636 1769 ;
668 1732 728 1772 vt
755 1720 814 1773 &c
846 1720 1194 1796 Olffiponensts
1241 1718 1389 1774 vrbis
1431 1716 1718 1790 descriptio.

481 1813 668 1891 Igitur
716 1816 869 1876 hisee
916 1818 1135 1896 ingenii
1188 1814 1581 1874 monumentis
1611 1858 1626 1881 ,
1654 1813 1716 1869 ὅτ,

477 1934 709 1975 morum
765 1919 1074 1995 suauitate,
1123 1922 1395 1980 facilitate
1423 1966 1439 1990 ,
1479 1918 1540 1976 &
1584 1935 1717 1994 erga

477 2016 673 2075 doc‘tos
702 2021 1037 2083 liberalitate
1089 2046 1204 2084 non
1232 2024 1411 2082 modo
1437 2021 1590 2100 apud
1621 2021 1716 2079 su·
1743 1999 1760 2017 ⁴

474 2137 536 2173 OS
566 2119 749 2186 Clarus
774 2125 961 2184 extitit
999 2138 1031 2196 ‚”
1060 2128 1156 2185 sed
1200 2128 1261 2185 &
1285 2125 1490 2184 exteris
1513 2122 1711 2180 homi-

470 2217 639 2275 nibus
667 2240 845 2294 cariffi,
872 2242 1253 2303 acceptusque
1282 2226 1458 2302 usque
1481 2245 1548 2282 eo
1578 2222 1707 2291 fuit,

470 2335 531 2376 vt
590 2325 678 2380 vel
733 2326 979 2385 invisum
1015 2377 1030 2401 ,
1088 2329 1493 2407 absentemque
1538 2327 1704 2392 vnice

467 2420 792 2498 diligerent.
839 2428 997 2486 Nam
1029 2430 1088 2487 33
1123 2431 1184 2486 in
1212 2428 1526 2489 Germania
1571 2430 1701 2503 (de

468 2525 631 2583 Italia
656 2529 810 2585 enim
858 2532 919 2589 ὅτ
949 2532 1150 2607 Belgio
1177 2532 1294 2589 iarn
1332 2551 1700 2591 commemo-

467 2631 718 2691 rauimus
775 2640 796 2710 )
868 2637 1275 2696 obseruabatur
1326 2639 1398 2695 ab
1454 2637 1692 2696 eruditis

1458 2738 1654 2803 homi-
