1931 3239
281 225 516 276 DIENsrs
547 228 726 268 VRBIS
758 229 1165 267 OPPVGNATm
1277 236 1377 290 133

145 345 328 395 turrim
352 353 645 407 oppugnare
681 347 941 404 caeperunt
976 334 1165 385 i&ibus
1185 347 1417 386 tormen-

146 449 351 490 torum,
388 441 605 498 quatuor
646 427 843 496 scaphae
889 447 916 478 a
945 428 1123 478 nostris
1175 440 1417 477 euertun-

145 541 244 586 tur,
272 541 421 595 atque
450 523 844 575 iaculationibus
901 523 1250 592 sclopetorum
1278 522 1416 572 mul-

140 620 182 670 ti
207 620 425 672 hostium
453 617 847 669 interficiuntur.
883 616 1088 668 Milites
1116 635 1233 667 vero
1261 617 1416 685 quin-

142 712 413 780 quaginta,
458 709 546 778 qui
572 709 697 763 turri
726 708 957 778 praefidio
1001 721 1143 759 erant
1173 748 1186 767 ‚
1218 709 1420 758 fortiter

140 803 444 860 refistentes‚
507 801 696 852 multos
753 800 1069 851 interficiunt
1104 839 1117 860 ,
1141 819 1204 852 ex
1231 802 1419 869 quibus

140 915 269 948 vnus
295 910 497 947 tantum
524 894 824 945 defideratus
846 893 913 944 est
939 933 951 953 ‚
997 894 1268 945 duodecim
1307 895 1422 945 vul..

141 992 324 1044 nerati.
358 990 460 1041 Illo
484 991 564 1041 die
584 1007 703 1041 cum
725 988 854 1039 nihil
881 989 1247 1057 promouiffent
1275 988 1422 1040 Tur-

143 1102 215 1135 cae
249 1121 261 1142 ,
301 1083 537 1151 postridie
577 1083 787 1133 fortiore
813 1083 1042 1133 militum
1070 1101 1225 1133 manu
1255 1101 1426 1132 reuer-

149 1183 329 1219 tuntur
358 1207 371 1228 ‚
409 1170 675 1239 constipati
724 1172 934 1242 triginta
978 1173 1141 1222 tribus
1182 1173 1379 1242 scaphis
1408 1207 1424 1230 ,

145 1271 321 1317 decem
352 1267 644 1317 triremibus
675 1307 688 1328 ,
736 1267 785 1317 δε
814 1266 991 1315 multis
1021 1269 1273 1319 machinis
1326 1288 1422 1337 op-

146 1359 448 1429 pugnationi
487 1359 797 1409 accomodiS.
849 1357 1053 1410 Nlilites
1081 1363 1165 1429 qui
1197 1361 1426 1429 desagma-

146 1449 185 1498 ti
211 1465 350 1500 erant
377 1452 435 1501 ad
460 1468 632 1501 muros
660 1451 810 1500 turris
836 1450 1246 1501 conscendendos
1276 1453 1428 1521 (quo-

143 1563 260 1595 rum
296 1562 537 1595 numerus
589 1545 768 1613 ingens
821 1559 924 1596 erat
952 1542 967 1611 )
1014 1563 1193 1596 ornnes
1245 1547 1420 1596 vestie-

145 1642 330 1690 bantur
354 1642 507 1692 rubro
547 1659 717 1709 panno
752 1680 764 1701 ,
810 1655 862 1692 vt
912 1660 974 1692 ex
1005 1642 1201 1692 caeteris
1243 1643 1426 1712 digno-

149 1734 450 1785 scerentur..
474 1733 691 1804 Incepto
712 1747 880 1786 autem
911 1736 1109 1804 praelio5
1139 1736 1269 1786 mira
1291 1750 1427 1796 arte,

145 1825 413 1892 studioque
461 1825 644 1874 turrim
689 1824 1026 1874 conscendere
1077 1826 1417 1874 conabantur.

146 1915 342 1969 Rursus
369 1915 405 1965 ii
433 1952 448 1974 ,
487 1916 571 1983 qui
613 1934 676 1966 ex
715 1916 1089 1984 quinquaginta
1131 1933 1426 1984 propugna-

149 2010 267 2059 culo
293 2009 476 2077 integri
505 2008 665 2058 adhuc
693 2007 1021 2058 seruabantur
1059 2045 1073 2066 ,
1111 2006 1309 2057 fortiter
1332 2008 1426 2057 ob-

149 2105 343 2158 stabant
376 2142 389 2163 ‚
419 2102 580 2154 hostes
606 2103 667 2152 de
693 2102 837 2155 scalis
866 2141 880 2163 ,
927 2122 1050 2172 quas
1098 2103 1197 2154 iam
1250 2103 1427 2154 affixas

149 2199 312 2251 muris
373 2197 625 2247 habebant
654 2235 668 2256 ,
735 2197 1134 2266 praecipitantes.
1179 2197 1429 2247 Praeterea

151 2291 304 2342 nostri
327 2329 341 2350 ,
369 2309 433 2340 ex
462 2309 576 2342 arce
596 2291 973 2361 opportunitate
1001 2290 1261 2360 perspecffit
1283 2329 1296 2349 ,
1319 2305 1427 2340 tor-

150 2398 324 2436 menta
364 2397 675 2444 exonerant,
725 2402 979 2453 vnamque
1031 2385 1292 2434 triremem
1314 2422 1328 2443 ,
1379 2385 1429 2436 &

150 2478 342 2529 multas
397 2477 603 2546 scaphas
653 2477 883 2529 funditus
930 2491 1165 2528 euertunt
1205 2496 1302 2535 ,ex
1331 2495 1429 2543 qua

149 2574 293 2626 clade
331 2575 493 2628 ferme
541 2595 719 2627 omnes
748 2575 889 2626 scalae
935 2575 984 2625 &
1012 2574 1262 2623 machinae
1298 2571 1426 2620 dila-

150 2686 327 2724 ceratae
382 2670 494 2723 sunt
522 2710 537 2733 ‚
581 2690 693 2742 quae
740 2669 909 2740 postea
956 2687 988 2721 a
1039 2667 1218 2720 nostris
1283 2664 1428 2731 super

1237 2774 1391 2825 aquas
