1998 3256
420 287 453 331 2
741 292 1027 329 DAM1AN1
1071 294 1111 330 A
1154 294 1303 332 cons

415 395 478 447 de
514 394 640 455 situ,
687 395 737 446 δε
779 398 913 448 vrbis
966 396 1335 468 Olifiponenfis
1378 395 1499 450 statu
1551 417 1678 451 con-

414 491 643 544 stitutum
673 490 727 541 sit
756 489 1077 544 solummodo
1112 493 1323 544 scribere
1344 531 1357 553 ,
1411 511 1512 547 non
1538 496 1599 545 ab
1627 512 1681 544 re

414 581 579 633 visum
625 583 723 633 fuit
758 620 769 640 ,
798 584 855 641 fi,
889 597 1158 651 antequam
1198 584 1462 655 negotium
1506 603 1685 654 aggre-

413 676 615 726 diamur
641 712 654 732 ‚
683 676 797 725 inde
821 675 1157 743 incipiamus,
1183 680 1313 728 vnde
1341 676 1443 745 ipsa
1466 693 1547 726 res
1577 715 1589 735 ‚
1619 678 1681 726 de

411 787 512 837 qua
558 768 789 836 scripturi
839 767 1011 818 sumus
1050 808 1062 828 ,
1101 769 1322 820 nobilior
1361 768 1538 818 effe&a
1583 767 1683 827 sit;

411 876 600 928 nempe
626 858 684 907 de
713 857 920 907 invento
960 876 986 907 a
1015 859 1314 912 nostratibus
1358 879 1445 929 per
1482 875 1687 928 aequora

413 943 466 993 in
512 943 716 996 Indiam
764 943 964 995 itinere.
1019 944 1151 1013 Qiae
1181 965 1257 997 res
1290 958 1340 997 vt
1373 942 1684 1002 memorabi-

411 1033 477 1085 lis
504 1074 517 1095 ,
563 1037 632 1088 ita
660 1038 814 1088 etiam
844 1039 894 1088 in
927 1055 983 1087 ea
1024 1039 1174 1107 paulo
1207 1040 1356 1090 nobis
1392 1036 1560 1107 vagari
1614 1034 1680 1084 li-

411 1128 567 1185 cebit,
599 1143 747 1197 atque
774 1130 956 1188 etiarn,
982 1131 1312 1199 antiquorum
1341 1128 1645 1179 testimoniis
1667 1165 1682 1186 ,

415 1216 576 1269 fludio
605 1220 769 1268 nostro
798 1220 1073 1268 leistoribus
1101 1220 1293 1286 aperire
1319 1254 1333 1276 ,
1363 1230 1548 1284 quanta
1577 1214 1686 1264 dif-

415 1310 614 1362 ficultas
658 1311 707 1360 in
737 1311 833 1361 hoc
863 1311 1070 1379 negotio
1111 1309 1157 1361 se
1201 1309 1397 1377 semper
1435 1301 1683 1357 obtulerit

413 1402 482 1453 iis
510 1438 522 1459 ‚
575 1400 797 1468 quirem
846 1401 998 1452 tantis
1035 1399 1274 1468 periculis
1324 1397 1528 1466 plenam
1575 1386 1680 1442 aust

414 1492 619 1544 fuerunt
645 1493 824 1560 quovis
853 1494 1007 1542 modo
1042 1506 1252 1542 tentare.
1302 1490 1566 1558 Qiocirca
1615 1481 1680 1533 ab

414 1603 504 1642 eo,
543 1583 629 1651 qui
678 1583 878 1632 summo
925 1584 1085 1633 studio
1118 1621 1130 1642 ‚
1183 1581 1480 1648 summaque
1528 1569 1688 1625 animi

412 1677 598 1726 virtute
627 1693 731 1725 rem
760 1690 863 1725 tam
893 1677 1183 1743 praeclaram
1216 1672 1391 1722 nostris
1434 1665 1685 1735 tempori-

414 1768 509 1818 bus
537 1769 739 1837 aggredi
770 1767 914 1818 ausus
940 1769 1034 1827 est,
1081 1767 1351 1818 exordium
1395 1760 1682 1828 capiemus.

594 1859 647 1911 Is
686 1861 823 1911 enim
852 1898 865 1920 ,
902 1861 1121 1911 invielus
1161 1859 1244 1909 ille
1286 1853 1483 1905 Alfonfi
1515 1848 1685 1919 quinti

415 1953 574 2012 filius,
604 1952 770 2003 Divus
804 1953 1026 2004 Ioannes
1057 1952 1300 2002 secundus
1331 1946 1692 1997 Lusitanorum

413 2044 530 2096 Rex
559 2045 675 2095 fuit.
712 2045 808 2096 Ille
835 2047 1041 2114 quidem
1064 2046 1148 2113 qui
1177 2041 1313 2092 bello
1341 2055 1552 2106 regnum
1579 2035 1679 2086 suis

420 2136 704 2184 'vindicauit
727 2172 743 2193 ‚
790 2155 1014 2203 paceque
1044 2137 1130 2185 fibi
1159 2131 1299 2200 regni
1343 2128 1689 2178 haereditatem

418 2232 702 2283 multifarie
753 2232 1004 2281 turbatam
1057 2234 1289 2283 restituit.
1345 2229 1512 2298 Igitur
1559 2237 1684 2274 cum

419 2329 551 2398 segis
581 2325 968 2392 indefatigatum
997 2325 1230 2374 animum
1279 2323 1578 2374 Indicarum
1609 2331 1687 2364 re·

418 2439 530 2471 xum
560 2419 859 2470 desiderium
904 2416 1253 2465 vehementius
1299 2415 1543 2482 agitaret,
1585 2424 1688 2458 non

420 2516 639 2566 nauibus
687 2513 848 2564 solum
880 2510 939 2559 ab
972 2508 1057 2558 illa
1094 2519 1234 2576 parte
1260 2505 1424 2554 litoris
1473 2501 1689 2551 Aethio-

419 2607 521 2677 pici
557 2644 570 2666 ,
620 2605 755 2673 quod
806 2602 866 2652 ad
893 2618 951 2649 ea
992 2599 1142 2666 vsque
1193 2612 1421 2663 tempora
1459 2611 1487 2642 a
1513 2590 1690 2643 nostris

418 2703 741 2772 exploratum
783 2709 927 2756 erat,
955 2709 1072 2744 eam
1103 2691 1263 2744 Indiae
1292 2688 1492 2758 plagam
1527 2722 1540 2744 ,
1577 2694 1688 2748 quae

1593 2765 1653 2820 ad
