1965 3256
542 230 647 284 272
870 228 1157 270 DAM1AN1
1188 229 1227 265 A
1260 231 1407 268 Gosss

512 348 725 386 conatus
753 340 1007 413 Principis
1035 334 1187 392 nostri
1217 374 1229 393 ,
1275 356 1366 405 pro
1391 338 1573 407 quibus
1609 337 1805 407 legatus

511 426 621 477 sum
653 465 667 485 ‚
713 430 861 484 Deus
905 432 1153 502 Optimus
1201 427 1476 482 Maximus
1533 430 1598 480 ad
1649 430 1813 490 finem

507 517 768 586 optimum
836 524 885 574 &
920 524 983 573 ad
1026 521 1166 573 suam
1225 522 1442 591 gloriam
1495 519 1737 590 perducat
1786 559 1808 582 ,

510 607 708 663 Amen.

652 703 764 755 His
797 705 1039 759 omnibus
1083 706 1357 774 explicatis
1399 706 1563 756 obiter
1607 703 1656 754 &
1692 704 1808 753 bre-

511 798 706 848 uiffime
758 780 956 867 aliquid
994 803 1055 852 de
1100 801 1223 851 statu
1264 798 1414 850 nostri
1459 797 1761 849 Patriarchae
1792 833 1808 856 ,

517 911 575 942 ac
609 891 939 962 Imperatoris
960 911 1236 962 exponam.
1284 894 1520 954 Primum
1549 893 1811 943 sciendum

513 982 731 1032 solemni
754 982 852 1031 ritu
882 982 1235 1032 patriarcham
1275 982 1505 1032 nostrum
1530 983 1592 1032 ab
1618 983 1810 1036 Hiero-

511 1071 836 1142 solymitanis
870 1073 1150 1124 Monachis
1177 1073 1355 1123 nostris
1380 1111 1393 1133 ,
1437 1075 1524 1140 qui
1575 1074 1646 1123 ibi
1674 1078 1809 1143 apud

510 1161 838 1232 sepulchrum
863 1165 1086 1216 Domini
1117 1166 1348 1216 habitant
1375 1202 1387 1223 ,
1425 1163 1676 1234 suffragiis
1700 1182 1812 1217 cre-

507 1258 612 1317 ari,
636 1259 788 1328 idque
827 1260 924 1309 hoc
951 1260 1126 1310 modo.
1164 1259 1286 1309 Vita
1313 1257 1560 1308 defuncto
1581 1256 1804 1307 Patriar-

510 1352 605 1403 cha
635 1389 648 1410 ‚
684 1351 850 1404 statim
886 1353 1174 1422 Imperator
1219 1350 1383 1402 noster
1411 1348 1676 1403 Preciosus
1720 1349 1812 1400 Io·-

512 1465 670 1498 annes
727 1448 979 1499 nuncium
1030 1448 1257 1516 aliquem
1302 1446 1602 1517 expeditum
1654 1444 1818 1497 mittit

512 1539 934 1609 Hierosolymam
960 1542 1020 1591 ad
1045 1539 1336 1591 Monachos
1361 1538 1556 1588 ibidem
1583 1550 1820 1608 agentes,

511 1645 565 1682 vt
591 1630 790 1682 dietum
821 1631 887 1682 est
919 1670 932 1690 ,
965 1630 1055 1700 qui
1083 1630 1275 1681 nuncio
1310 1642 1521 1696 accepto
1547 1665 1561 1686 ,
1612 1645 1668 1677 ac
1696 1645 1814 1676 mu-

510 1723 715 1774 neribus
739 1762 752 1782 ,
777 1743 891 1792 quae
931 1724 1220 1794 Imperator
1250 1722 1514 1774 Dominus
1552 1719 1716 1771 noster
1752 1719 1816 1769 ad

515 1812 762 1866 Sanctum
816 1814 1154 1886 Sepulchrum
1205 1817 1342 1866 dono
1387 1814 1551 1865 mittit
1586 1849 1599 1871 ‚
1645 1812 1816 1861 conti-

514 1928 619 1960 nuo
665 1910 892 1979 aliquem
923 1912 1272 1964 Patriarcham
1315 1908 1563 1978 suffragiis
1589 1905 1820 1975 plurium

516 2002 712 2071 eligunt
743 2025 754 2053 ε
804 2003 885 2054 sed
912 2004 987 2055 fas
1015 2025 1118 2056 non
1144 2005 1211 2057 est
1238 2005 1395 2056 alium
1422 2040 1436 2063 ,
1475 2019 1631 2072 quam
1679 1999 1810 2050 Ale-1

519 2096 832 2148 xandrinum
891 2098 1080 2168 eligere
1127 2138 1140 2159 ‚
1203 2118 1261 2150 ac
1311 2098 1540 2150 moribus
1584 2097 1820 2147 incorru-

513 2197 683 2251 ptum.
728 2184 852 2253 Qio
882 2200 1053 2238 creato
1084 2226 1096 2247 ‚
1138 2188 1371 2258 suffragia
1398 2186 1483 2237 sua
1508 2183 1774 2254 obsignant
1799 2221 1820 2245 ,

514 2290 673 2339 eaque
698 2275 866 2342 legato
896 2315 909 2333 ,
955 2278 1044 2345 qui
1091 2280 1154 2328 ad
1196 2279 1244 2330 id
1277 2277 1417 2329 venit
1445 2315 1458 2336 ,
1502 2275 1556 2325 in
1581 2275 1819 2325 manibus

515 2363 742 2413 tradunt.
795 2364 848 2413 Is
896 2366 1061 2417 statim
1110 2366 1343 2438 Cayrum
1381 2365 1685 2424 contendit,
1714 2385 1818 2435 quo

515 2460 599 2509 vbi
651 2468 860 2507 ventum
924 2459 992 2507 est
1042 2460 1348 2522 Patriarchae
1419 2441 1818 2516 Alexandrino,

519 2552 608 2617 qui
637 2550 706 2600 ibi
750 2549 946 2617 semper
994 2548 1129 2612 sedes
1164 2552 1316 2603 habet
1345 2592 1360 2613 ,
1397 2553 1712 2604 creationem
1750 2547 1817 2598 il-

519 2640 625 2693 lam
704 2642 971 2713 legendam
1009 2642 1271 2711 prorrigit.
1316 2640 1548 2712 Cognito
1587 2654 1758 2692 autem
1789 2676 1808 2700 ,

1622 2743 1778 2796 quem
