<?xml version="1.0" encoding="UTF-8"?>
<!DOCTYPE html PUBLIC "-//W3C//DTD XHTML 1.0 Transitional//EN"
    "http://www.w3.org/TR/xhtml1/DTD/xhtml1-transitional.dtd">
<html xmlns="http://www.w3.org/1999/xhtml" xml:lang="en" lang="en">
 <head>
  <title>
</title>
<meta http-equiv="Content-Type" content="text/html;charset=utf-8" />
  <meta name='ocr-system' content='tesseract 3.04.00' />
  <meta name='ocr-capabilities' content='ocr_page ocr_carea ocr_par ocr_line ocrx_word'/>
</head>
<body>
  <div class='ocr_page' id='page_1' title='image "./damianigoesopusc00gi_0192.png"; bbox 0 0 1965 3256; ppageno 0'>
   <div class='ocr_carea' id='block_1_1' title="bbox 613 213 1504 285">
    <p class='ocr_par' dir='ltr' id='par_1_1' title="bbox 613 213 1504 285">
     <span class='ocr_line' id='line_1_1' title="bbox 613 213 1504 285; baseline -0.002 -15"><span class='ocrx_word' id='word_1_1' title='bbox 613 213 715 285; x_wconf 77' lang='lat'><strong>158</strong></span> <span class='ocrx_word' id='word_1_2' title='bbox 971 229 1253 270; x_wconf 73' lang='lat' dir='ltr'>DAM1AN1</span> <span class='ocrx_word' id='word_1_3' title='bbox 1285 233 1323 270; x_wconf 80' lang='lat' dir='ltr'>A</span> <span class='ocrx_word' id='word_1_4' title='bbox 1355 230 1504 270; x_wconf 67' lang='grc' dir='ltr'><strong>σοις</strong></span> 
     </span>
    </p>
   </div>
   <div class='ocr_carea' id='block_1_2' title="bbox 559 336 1833 2636">
    <p class='ocr_par' dir='ltr' id='par_1_2' title="bbox 559 336 1833 2636">
     <span class='ocr_line' id='line_1_2' title="bbox 574 336 1833 407; baseline 0.004 -21"><span class='ocrx_word' id='word_1_5' title='bbox 574 351 873 387; x_wconf 84' lang='lat' dir='ltr'><strong>enumerem</strong></span> <span class='ocrx_word' id='word_1_6' title='bbox 909 337 1334 388; x_wconf 80' lang='lat' dir='ltr'><strong>extraordinarios</strong></span> <span class='ocrx_word' id='word_1_7' title='bbox 1386 336 1616 405; x_wconf 88' lang='lat' dir='ltr'><strong>sumptus</strong></span> <span class='ocrx_word' id='word_1_8' title='bbox 1644 373 1659 396; x_wconf 91' lang='lat'><em>‚</em></span> <span class='ocrx_word' id='word_1_9' title='bbox 1703 355 1833 407; x_wconf 73' lang='lat' dir='ltr'>quos</span> 
     </span>
     <span class='ocr_line' id='line_1_3' title="bbox 571 425 1833 498; baseline 0.006 -24"><span class='ocrx_word' id='word_1_10' title='bbox 571 426 634 475; x_wconf 85' lang='lat' dir='ltr'><strong>ad</strong></span> <span class='ocrx_word' id='word_1_11' title='bbox 664 425 823 476; x_wconf 87' lang='lat' dir='ltr'><strong>subita</strong></span> <span class='ocrx_word' id='word_1_12' title='bbox 865 427 995 478; x_wconf 85' lang='lat' dir='ltr'><strong>bella</strong></span> <span class='ocrx_word' id='word_1_13' title='bbox 1023 426 1184 478; x_wconf 85' lang='lat' dir='ltr'><strong>facere</strong></span> <span class='ocrx_word' id='word_1_14' title='bbox 1212 429 1410 497; x_wconf 86' lang='lat' dir='ltr'><strong>cogitur</strong></span> <span class='ocrx_word' id='word_1_15' title='bbox 1433 450 1445 492; x_wconf 69' lang='grc' dir='ltr'><strong>ς</strong></span> <span class='ocrx_word' id='word_1_16' title='bbox 1475 446 1595 480; x_wconf 89' lang='lat' dir='ltr'><strong>nam</strong></span> <span class='ocrx_word' id='word_1_17' title='bbox 1617 449 1725 498; x_wconf 88' lang='lat' dir='ltr'><strong>quae</strong></span> <span class='ocrx_word' id='word_1_18' title='bbox 1750 430 1833 481; x_wconf 85' lang='lat' dir='ltr'><strong>su-</strong></span> 
     </span>
     <span class='ocr_line' id='line_1_4' title="bbox 572 518 1833 590; baseline 0.003 -23"><span class='ocrx_word' id='word_1_19' title='bbox 572 518 741 588; x_wconf 84' lang='lat' dir='ltr'><strong>perius</strong></span> <span class='ocrx_word' id='word_1_20' title='bbox 769 519 992 571; x_wconf 88' lang='lat' dir='ltr'><strong>recensui</strong></span> <span class='ocrx_word' id='word_1_21' title='bbox 1018 558 1031 578; x_wconf 90' lang='lat'><em>‚</em></span> <span class='ocrx_word' id='word_1_22' title='bbox 1060 520 1300 589; x_wconf 85' lang='lat' dir='ltr'><strong>impensae</strong></span> <span class='ocrx_word' id='word_1_23' title='bbox 1323 521 1481 590; x_wconf 83' lang='lat' dir='ltr'><strong>pacis,</strong></span> <span class='ocrx_word' id='word_1_24' title='bbox 1509 524 1559 573; x_wconf 88' lang='lat'>&amp;</span> <span class='ocrx_word' id='word_1_25' title='bbox 1586 522 1833 590; x_wconf 75' lang='lat' dir='ltr'>tranquil-</span> 
     </span>
     <span class='ocr_line' id='line_1_5' title="bbox 577 612 1832 682; baseline 0.002 -20"><span class='ocrx_word' id='word_1_26' title='bbox 577 613 735 663; x_wconf 84' lang='lat' dir='ltr'>litatis</span> <span class='ocrx_word' id='word_1_27' title='bbox 787 612 898 663; x_wconf 86' lang='lat' dir='ltr'><strong>sunt</strong></span> <span class='ocrx_word' id='word_1_28' title='bbox 929 651 941 670; x_wconf 91' lang='lat'>‚</span> <span class='ocrx_word' id='word_1_29' title='bbox 983 632 1087 663; x_wconf 91' lang='lat' dir='ltr'><strong>non</strong></span> <span class='ocrx_word' id='word_1_30' title='bbox 1118 616 1371 665; x_wconf 81' lang='lat' dir='ltr'><strong>bellorum</strong></span> <span class='ocrx_word' id='word_1_31' title='bbox 1397 651 1411 672; x_wconf 92' lang='lat'><em>,</em></span> <span class='ocrx_word' id='word_1_32' title='bbox 1463 632 1575 682; x_wconf 84' lang='lat' dir='ltr'><strong>quae</strong></span> <span class='ocrx_word' id='word_1_33' title='bbox 1622 614 1832 665; x_wconf 78' lang='lat' dir='ltr'><strong>subinde</strong></span> 
     </span>
     <span class='ocr_line' id='line_1_6' title="bbox 570 702 1831 773; baseline 0 -21"><span class='ocrx_word' id='word_1_34' title='bbox 570 702 684 752; x_wconf 81' lang='lat' dir='ltr'><strong>aliis</strong></span> <span class='ocrx_word' id='word_1_35' title='bbox 715 722 771 753; x_wconf 81' lang='lat' dir='ltr'><strong>ac</strong></span> <span class='ocrx_word' id='word_1_36' title='bbox 798 703 915 753; x_wconf 86' lang='lat' dir='ltr'><strong>aliis</strong></span> <span class='ocrx_word' id='word_1_37' title='bbox 960 703 1009 752; x_wconf 85' lang='lat' dir='ltr'><strong>in</strong></span> <span class='ocrx_word' id='word_1_38' title='bbox 1030 704 1155 753; x_wconf 85' lang='lat' dir='ltr'><strong>locis</strong></span> <span class='ocrx_word' id='word_1_39' title='bbox 1181 705 1398 773; x_wconf 81' lang='lat' dir='ltr'><strong>gerenda</strong></span> <span class='ocrx_word' id='word_1_40' title='bbox 1424 704 1537 755; x_wconf 87' lang='lat' dir='ltr'><strong>sunt</strong></span> <span class='ocrx_word' id='word_1_41' title='bbox 1556 741 1569 763; x_wconf 89' lang='lat'><strong>,</strong></span> <span class='ocrx_word' id='word_1_42' title='bbox 1592 705 1713 754; x_wconf 87' lang='lat' dir='ltr'><strong>dum</strong></span> <span class='ocrx_word' id='word_1_43' title='bbox 1745 714 1831 754; x_wconf 87' lang='lat' dir='ltr'><strong>aut</strong></span> 
     </span>
     <span class='ocr_line' id='line_1_7' title="bbox 567 792 1830 867; baseline 0.003 -25"><span class='ocrx_word' id='word_1_44' title='bbox 567 792 694 844; x_wconf 81' lang='lat' dir='ltr'><strong>fines</strong></span> <span class='ocrx_word' id='word_1_45' title='bbox 721 808 889 845; x_wconf 84' lang='lat' dir='ltr'><strong>tuetur</strong></span> <span class='ocrx_word' id='word_1_46' title='bbox 918 832 932 853; x_wconf 90' lang='lat'><em>,</em></span> <span class='ocrx_word' id='word_1_47' title='bbox 959 809 1044 845; x_wconf 88' lang='lat' dir='ltr'><strong>aut</strong></span> <span class='ocrx_word' id='word_1_48' title='bbox 1097 795 1260 846; x_wconf 82' lang='lat' dir='ltr'><strong>socios</strong></span> <span class='ocrx_word' id='word_1_49' title='bbox 1293 797 1538 867; x_wconf 75' lang='lat' dir='ltr'>protegit,</span> <span class='ocrx_word' id='word_1_50' title='bbox 1576 808 1660 846; x_wconf 85' lang='lat' dir='ltr'><strong>aut</strong></span> <span class='ocrx_word' id='word_1_51' title='bbox 1705 796 1830 846; x_wconf 78' lang='lat' dir='ltr'><strong>fines</strong></span> 
     </span>
     <span class='ocr_line' id='line_1_8' title="bbox 567 886 1831 957; baseline 0.001 -18"><span class='ocrx_word' id='word_1_52' title='bbox 567 886 770 956; x_wconf 82' lang='lat' dir='ltr'><strong>imperii</strong></span> <span class='ocrx_word' id='word_1_53' title='bbox 796 903 1085 957; x_wconf 86' lang='lat' dir='ltr'><strong>promouet.</strong></span> <span class='ocrx_word' id='word_1_54' title='bbox 1130 889 1266 957; x_wconf 74' lang='lat' dir='ltr'><strong>Qlis</strong></span> <span class='ocrx_word' id='word_1_55' title='bbox 1284 889 1487 957; x_wconf 89' lang='lat' dir='ltr'><strong>piorum</strong></span> <span class='ocrx_word' id='word_1_56' title='bbox 1515 887 1831 941; x_wconf 87' lang='lat' dir='ltr'><strong>Christiano-</strong></span> 
     </span>
     <span class='ocr_line' id='line_1_9' title="bbox 567 984 1827 1041; baseline 0.003 -10"><span class='ocrx_word' id='word_1_57' title='bbox 567 1000 684 1032; x_wconf 83' lang='lat' dir='ltr'><strong>rum</strong></span> <span class='ocrx_word' id='word_1_58' title='bbox 728 1002 830 1033; x_wconf 91' lang='lat' dir='ltr'><strong>non</strong></span> <span class='ocrx_word' id='word_1_59' title='bbox 857 984 1044 1033; x_wconf 78' lang='lat' dir='ltr'><strong>desinat</strong></span> <span class='ocrx_word' id='word_1_60' title='bbox 1092 1003 1186 1033; x_wconf 85' lang='lat' dir='ltr'><strong>nos</strong></span> <span class='ocrx_word' id='word_1_61' title='bbox 1228 985 1516 1034; x_wconf 58' lang='lat' dir='ltr'><strong>maledictis</strong></span> <span class='ocrx_word' id='word_1_62' title='bbox 1560 985 1784 1035; x_wconf 74' lang='lat' dir='ltr'><strong>lacessere</strong></span> <span class='ocrx_word' id='word_1_63' title='bbox 1814 1021 1827 1041; x_wconf 94' lang='lat'><em>‚</em></span> 
     </span>
     <span class='ocr_line' id='line_1_10' title="bbox 563 1073 1829 1142; baseline -0.002 -16"><span class='ocrx_word' id='word_1_64' title='bbox 563 1075 880 1126; x_wconf 79' lang='lat' dir='ltr'><strong>considerans</strong></span> <span class='ocrx_word' id='word_1_65' title='bbox 922 1076 983 1124; x_wconf 90' lang='lat' dir='ltr'><strong>ad</strong></span> <span class='ocrx_word' id='word_1_66' title='bbox 1008 1088 1083 1125; x_wconf 91' lang='lat' dir='ltr'><strong>tot</strong></span> <span class='ocrx_word' id='word_1_67' title='bbox 1106 1075 1334 1142; x_wconf 85' lang='lat' dir='ltr'><strong>sumptus</strong></span> <span class='ocrx_word' id='word_1_68' title='bbox 1371 1073 1681 1125; x_wconf 85' lang='lat' dir='ltr'><strong>sustinendos</strong></span> <span class='ocrx_word' id='word_1_69' title='bbox 1722 1093 1829 1124; x_wconf 73' lang='lat' dir='ltr'><strong>ma-</strong></span> 
     </span>
     <span class='ocr_line' id='line_1_11' title="bbox 565 1164 1831 1235; baseline 0 -19"><span class='ocrx_word' id='word_1_70' title='bbox 565 1185 725 1235; x_wconf 79' lang='lat' dir='ltr'><strong>gnum</strong></span> <span class='ocrx_word' id='word_1_71' title='bbox 762 1167 979 1216; x_wconf 86' lang='lat' dir='ltr'><strong>omnino</strong></span> <span class='ocrx_word' id='word_1_72' title='bbox 1019 1165 1208 1234; x_wconf 86' lang='lat' dir='ltr'>requiri</span> <span class='ocrx_word' id='word_1_73' title='bbox 1245 1165 1489 1225; x_wconf 82' lang='lat' dir='ltr'><strong>lucrum?</strong></span> <span class='ocrx_word' id='word_1_74' title='bbox 1521 1164 1676 1232; x_wconf 81' lang='lat' dir='ltr'><strong>Qod</strong></span> <span class='ocrx_word' id='word_1_75' title='bbox 1715 1165 1831 1216; x_wconf 84' lang='lat' dir='ltr'><strong>sane</strong></span> 
     </span>
     <span class='ocr_line' id='line_1_12' title="bbox 565 1255 1827 1326; baseline -0.001 -17"><span class='ocrx_word' id='word_1_76' title='bbox 565 1259 714 1308; x_wconf 88' lang='lat' dir='ltr'><strong>nobis</strong></span> <span class='ocrx_word' id='word_1_77' title='bbox 743 1258 972 1308; x_wconf 86' lang='lat' dir='ltr'><strong>inuidere</strong></span> <span class='ocrx_word' id='word_1_78' title='bbox 1000 1274 1104 1307; x_wconf 88' lang='lat' dir='ltr'><strong>non</strong></span> <span class='ocrx_word' id='word_1_79' title='bbox 1132 1257 1318 1307; x_wconf 87' lang='lat' dir='ltr'><strong>debent</strong></span> <span class='ocrx_word' id='word_1_80' title='bbox 1342 1294 1355 1314; x_wconf 90' lang='lat'><strong>,</strong></span> <span class='ocrx_word' id='word_1_81' title='bbox 1399 1255 1481 1306; x_wconf 91' lang='lat' dir='ltr'><strong>sed</strong></span> <span class='ocrx_word' id='word_1_82' title='bbox 1525 1256 1692 1326; x_wconf 86' lang='lat' dir='ltr'><strong>potius</strong></span> <span class='ocrx_word' id='word_1_83' title='bbox 1736 1276 1827 1308; x_wconf 83' lang='lat' dir='ltr'><strong>nos</strong></span> 
     </span>
     <span class='ocr_line' id='line_1_13' title="bbox 562 1347 1828 1419; baseline -0.001 -19"><span class='ocrx_word' id='word_1_84' title='bbox 562 1367 766 1419; x_wconf 83' lang='lat' dir='ltr'><strong>augere,</strong></span> <span class='ocrx_word' id='word_1_85' title='bbox 789 1362 1013 1400; x_wconf 77' lang='lat' dir='ltr'>aromata</span> <span class='ocrx_word' id='word_1_86' title='bbox 1033 1347 1197 1398; x_wconf 86' lang='lat' dir='ltr'><strong>nostra</strong></span> <span class='ocrx_word' id='word_1_87' title='bbox 1217 1348 1380 1399; x_wconf 88' lang='lat' dir='ltr'><strong>carius</strong></span> <span class='ocrx_word' id='word_1_88' title='bbox 1401 1347 1619 1398; x_wconf 89' lang='lat' dir='ltr'><strong>emendo</strong></span> <span class='ocrx_word' id='word_1_89' title='bbox 1647 1348 1828 1418; x_wconf 82' lang='lat' dir='ltr'>(quan-</span> 
     </span>
     <span class='ocr_line' id='line_1_14' title="bbox 563 1440 1826 1510; baseline -0.001 -17"><span class='ocrx_word' id='word_1_90' title='bbox 563 1461 719 1510; x_wconf 82' lang='lat' dir='ltr'>quam</span> <span class='ocrx_word' id='word_1_91' title='bbox 763 1442 988 1493; x_wconf 84' lang='lat' dir='ltr'><strong>anostris</strong></span> <span class='ocrx_word' id='word_1_92' title='bbox 1016 1441 1212 1510; x_wconf 84' lang='lat' dir='ltr'><strong>semper</strong></span> <span class='ocrx_word' id='word_1_93' title='bbox 1257 1440 1407 1492; x_wconf 87' lang='lat' dir='ltr'><strong>vilius</strong></span> <span class='ocrx_word' id='word_1_94' title='bbox 1448 1442 1650 1493; x_wconf 81' lang='lat' dir='ltr'><strong>vendita</strong></span> <span class='ocrx_word' id='word_1_95' title='bbox 1700 1440 1826 1501; x_wconf 76' lang='lat' dir='ltr'><strong>sint,</strong></span> 
     </span>
     <span class='ocr_line' id='line_1_15' title="bbox 562 1534 1827 1604; baseline -0.001 -19"><span class='ocrx_word' id='word_1_96' title='bbox 562 1555 716 1604; x_wconf 87' lang='lat' dir='ltr'><strong>quam</strong></span> <span class='ocrx_word' id='word_1_97' title='bbox 760 1536 887 1586; x_wconf 85' lang='lat' dir='ltr'><strong>olim</strong></span> <span class='ocrx_word' id='word_1_98' title='bbox 929 1554 957 1585; x_wconf 91' lang='lat' dir='ltr'>a</span> <span class='ocrx_word' id='word_1_99' title='bbox 992 1536 1171 1586; x_wconf 85' lang='lat' dir='ltr'><strong>ceteris</strong></span> <span class='ocrx_word' id='word_1_100' title='bbox 1221 1534 1514 1585; x_wconf 83' lang='lat' dir='ltr'><strong>nationibus</strong></span> <span class='ocrx_word' id='word_1_101' title='bbox 1540 1534 1827 1584; x_wconf 80' lang='lat' dir='ltr'><strong>vendeban-</strong></span> 
     </span>
     <span class='ocr_line' id='line_1_16' title="bbox 562 1625 1828 1696; baseline -0.002 -18"><span class='ocrx_word' id='word_1_102' title='bbox 562 1628 687 1693; x_wconf 82' lang='lat' dir='ltr'><strong>tur)</strong></span> <span class='ocrx_word' id='word_1_103' title='bbox 740 1643 790 1678; x_wconf 88' lang='lat' dir='ltr'><strong>vt</strong></span> <span class='ocrx_word' id='word_1_104' title='bbox 828 1648 885 1679; x_wconf 84' lang='lat' dir='ltr'><strong>ea</strong></span> <span class='ocrx_word' id='word_1_105' title='bbox 928 1630 1145 1696; x_wconf 84' lang='lat' dir='ltr'><strong>pecunia</strong></span> <span class='ocrx_word' id='word_1_106' title='bbox 1190 1625 1552 1677; x_wconf 83' lang='lat' dir='ltr'><strong>Mahometani</strong></span> <span class='ocrx_word' id='word_1_107' title='bbox 1597 1626 1657 1675; x_wconf 92' lang='lat' dir='ltr'><strong>de</strong></span> <span class='ocrx_word' id='word_1_108' title='bbox 1696 1625 1828 1676; x_wconf 85' lang='lat' dir='ltr'><strong>facie</strong></span> 
     </span>
     <span class='ocr_line' id='line_1_17' title="bbox 562 1719 1826 1790; baseline -0.001 -18"><span class='ocrx_word' id='word_1_109' title='bbox 562 1736 705 1773; x_wconf 80' lang='lat' dir='ltr'><strong>terrae</strong></span> <span class='ocrx_word' id='word_1_110' title='bbox 735 1722 752 1790; x_wconf 88' lang='lat'>(</span> <span class='ocrx_word' id='word_1_111' title='bbox 777 1723 977 1790; x_wconf 83' lang='lat' dir='ltr'>quando</span> <span class='ocrx_word' id='word_1_112' title='bbox 1003 1722 1088 1771; x_wconf 82' lang='lat' dir='ltr'><strong>alii</strong></span> <span class='ocrx_word' id='word_1_113' title='bbox 1119 1719 1396 1772; x_wconf 86' lang='lat' dir='ltr'><strong>Christiani</strong></span> <span class='ocrx_word' id='word_1_114' title='bbox 1419 1719 1672 1788; x_wconf 85' lang='lat' dir='ltr'><strong>principes</strong></span> <span class='ocrx_word' id='word_1_115' title='bbox 1695 1719 1826 1771; x_wconf 88' lang='lat' dir='ltr'><strong>inter</strong></span> 
     </span>
     <span class='ocr_line' id='line_1_18' title="bbox 560 1814 1826 1882; baseline 0.001 -17"><span class='ocrx_word' id='word_1_116' title='bbox 560 1817 610 1866; x_wconf 86' lang='lat' dir='ltr'><strong>se</strong></span> <span class='ocrx_word' id='word_1_117' title='bbox 643 1816 936 1867; x_wconf 82' lang='lat' dir='ltr'>dimicando</span> <span class='ocrx_word' id='word_1_118' title='bbox 973 1814 1316 1868; x_wconf 85' lang='lat' dir='ltr'><strong>Christianam</strong></span> <span class='ocrx_word' id='word_1_119' title='bbox 1359 1814 1612 1865; x_wconf 82' lang='lat' dir='ltr'><strong>ditionem</strong></span> <span class='ocrx_word' id='word_1_120' title='bbox 1652 1816 1826 1882; x_wconf 85' lang='lat' dir='ltr'><strong>negle-</strong></span> 
     </span>
     <span class='ocr_line' id='line_1_19' title="bbox 563 1908 1826 1980; baseline -0.006 -16"><span class='ocrx_word' id='word_1_121' title='bbox 563 1914 669 1964; x_wconf 69' lang='lat' dir='ltr'><strong>&amp;ui</strong></span> <span class='ocrx_word' id='word_1_122' title='bbox 710 1915 895 1964; x_wconf 87' lang='lat' dir='ltr'><strong>habent</strong></span> <span class='ocrx_word' id='word_1_123' title='bbox 922 1913 937 1980; x_wconf 94' lang='lat'><em>)</em></span> <span class='ocrx_word' id='word_1_124' title='bbox 964 1913 1225 1964; x_wconf 81' lang='lat' dir='ltr'><strong>deleantur</strong></span> <span class='ocrx_word' id='word_1_125' title='bbox 1245 1948 1257 1971; x_wconf 86' lang='lat'>‚</span> <span class='ocrx_word' id='word_1_126' title='bbox 1286 1914 1334 1964; x_wconf 84' lang='lat'>&amp;</span> <span class='ocrx_word' id='word_1_127' title='bbox 1367 1909 1679 1962; x_wconf 68' lang='lat' dir='ltr'><strong>sacrosan&lt;9m</strong></span> <span class='ocrx_word' id='word_1_128' title='bbox 1706 1908 1826 1958; x_wconf 84' lang='lat' dir='ltr'><strong>fides</strong></span> 
     </span>
     <span class='ocr_line' id='line_1_20' title="bbox 562 1999 1827 2078; baseline -0.007 -20"><span class='ocrx_word' id='word_1_129' title='bbox 562 2008 735 2078; x_wconf 84' lang='lat' dir='ltr'><strong>paffim</strong></span> <span class='ocrx_word' id='word_1_130' title='bbox 755 2026 812 2058; x_wconf 87' lang='lat' dir='ltr'><strong>ac</strong></span> <span class='ocrx_word' id='word_1_131' title='bbox 832 2020 942 2057; x_wconf 84' lang='lat' dir='ltr'><strong>tuto</strong></span> <span class='ocrx_word' id='word_1_132' title='bbox 969 2006 1289 2075; x_wconf 85' lang='lat' dir='ltr'><strong>praedicetur.</strong></span> <span class='ocrx_word' id='word_1_133' title='bbox 1333 2002 1463 2055; x_wconf 83' lang='lat' dir='ltr'><strong>Haec</strong></span> <span class='ocrx_word' id='word_1_134' title='bbox 1484 1999 1661 2052; x_wconf 83' lang='lat' dir='ltr'><strong>omnia</strong></span> <span class='ocrx_word' id='word_1_135' title='bbox 1681 2001 1714 2050; x_wconf 85' lang='lat' dir='ltr'>fi</span> <span class='ocrx_word' id='word_1_136' title='bbox 1740 2001 1827 2050; x_wconf 85' lang='lat' dir='ltr'><strong>ille</strong></span> 
     </span>
     <span class='ocr_line' id='line_1_21' title="bbox 561 2091 1823 2150; baseline -0.008 -1"><span class='ocrx_word' id='word_1_137' title='bbox 561 2102 727 2150; x_wconf 83' lang='lat' dir='ltr'>bonus</span> <span class='ocrx_word' id='word_1_138' title='bbox 770 2116 825 2148; x_wconf 88' lang='lat' dir='ltr'><strong>ac</strong></span> <span class='ocrx_word' id='word_1_139' title='bbox 871 2098 1050 2149; x_wconf 64' lang='lat' dir='ltr'><strong>doetus</strong></span> <span class='ocrx_word' id='word_1_140' title='bbox 1102 2096 1289 2148; x_wconf 89' lang='lat' dir='ltr'>Paulus</span> <span class='ocrx_word' id='word_1_141' title='bbox 1339 2095 1518 2146; x_wconf 87' lang='lat' dir='ltr'><strong>Iouius</strong></span> <span class='ocrx_word' id='word_1_142' title='bbox 1566 2091 1778 2142; x_wconf 83' lang='lat' dir='ltr'><strong>sciuiffet</strong></span> <span class='ocrx_word' id='word_1_143' title='bbox 1808 2126 1823 2147; x_wconf 88' lang='lat'><em>‚</em></span> 
     </span>
     <span class='ocr_line' id='line_1_22' title="bbox 560 2186 1826 2265; baseline -0.011 -19"><span class='ocrx_word' id='word_1_144' title='bbox 560 2214 824 2265; x_wconf 87' lang='lat' dir='ltr'><strong>nunquam</strong></span> <span class='ocrx_word' id='word_1_145' title='bbox 849 2211 932 2248; x_wconf 84' lang='lat' dir='ltr'><strong>aut</strong></span> <span class='ocrx_word' id='word_1_146' title='bbox 952 2197 1042 2246; x_wconf 84' lang='lat' dir='ltr'><strong>de«</strong></span> <span class='ocrx_word' id='word_1_147' title='bbox 1033 2193 1219 2265; x_wconf 80' lang='lat' dir='ltr'>quaestu</span> <span class='ocrx_word' id='word_1_148' title='bbox 1246 2190 1412 2243; x_wconf 85' lang='lat' dir='ltr'><strong>nostro</strong></span> <span class='ocrx_word' id='word_1_149' title='bbox 1439 2186 1689 2240; x_wconf 87' lang='lat' dir='ltr'><strong>inuidiam</strong></span> <span class='ocrx_word' id='word_1_150' title='bbox 1709 2202 1826 2234; x_wconf 89' lang='lat' dir='ltr'><strong>mo-</strong></span> 
     </span>
     <span class='ocr_line' id='line_1_23' title="bbox 559 2273 1824 2354; baseline -0.01 -16"><span class='ocrx_word' id='word_1_151' title='bbox 559 2276 702 2338; x_wconf 72' lang='lat' dir='ltr'><strong>uisset</strong></span> <span class='ocrx_word' id='word_1_152' title='bbox 729 2326 740 2347; x_wconf 88' lang='lat'><em>,</em></span> <span class='ocrx_word' id='word_1_153' title='bbox 795 2302 877 2338; x_wconf 87' lang='lat' dir='ltr'><strong>aut</strong></span> <span class='ocrx_word' id='word_1_154' title='bbox 912 2301 1148 2354; x_wconf 85' lang='lat' dir='ltr'><strong>corrupta</strong></span> <span class='ocrx_word' id='word_1_155' title='bbox 1197 2293 1423 2335; x_wconf 85' lang='lat' dir='ltr'>aromata</span> <span class='ocrx_word' id='word_1_156' title='bbox 1471 2297 1563 2349; x_wconf 90' lang='lat' dir='ltr'><strong>pro</strong></span> <span class='ocrx_word' id='word_1_157' title='bbox 1612 2273 1824 2344; x_wconf 84' lang='lat' dir='ltr'><strong>integris</strong></span> 
     </span>
     <span class='ocr_line' id='line_1_24' title="bbox 560 2367 1826 2448; baseline -0.006 -17"><span class='ocrx_word' id='word_1_158' title='bbox 560 2381 711 2431; x_wconf 85' lang='lat' dir='ltr'><strong>vendi</strong></span> <span class='ocrx_word' id='word_1_159' title='bbox 744 2380 1040 2437; x_wconf 70' lang='lat' dir='ltr'><strong>asseruisset,</strong></span> <span class='ocrx_word' id='word_1_160' title='bbox 1061 2382 1249 2448; x_wconf 84' lang='lat' dir='ltr'><strong>quippe</strong></span> <span class='ocrx_word' id='word_1_161' title='bbox 1283 2394 1401 2428; x_wconf 89' lang='lat' dir='ltr'><strong>cum</strong></span> <span class='ocrx_word' id='word_1_162' title='bbox 1429 2372 1597 2426; x_wconf 61' lang='lat' dir='ltr'><strong>edicto</strong></span> <span class='ocrx_word' id='word_1_163' title='bbox 1623 2367 1781 2437; x_wconf 82' lang='lat' dir='ltr'><strong>Regis</strong></span> <span class='ocrx_word' id='word_1_164' title='bbox 1812 2401 1826 2423; x_wconf 74' lang='lat'><em>2</em></span> 
     </span>
     <span class='ocr_line' id='line_1_25' title="bbox 560 2459 1824 2542; baseline -0.013 -18"><span class='ocrx_word' id='word_1_165' title='bbox 560 2472 859 2542; x_wconf 79' lang='lat' dir='ltr'><strong>placitisque</strong></span> <span class='ocrx_word' id='word_1_166' title='bbox 903 2473 1058 2520; x_wconf 85' lang='lat' dir='ltr'><strong>totius</strong></span> <span class='ocrx_word' id='word_1_167' title='bbox 1096 2471 1262 2540; x_wconf 80' lang='lat' dir='ltr'><strong>regni,</strong></span> <span class='ocrx_word' id='word_1_168' title='bbox 1293 2465 1498 2517; x_wconf 86' lang='lat' dir='ltr'><strong>mucida</strong></span> <span class='ocrx_word' id='word_1_169' title='bbox 1530 2501 1545 2523; x_wconf 86' lang='lat'>‚</span> <span class='ocrx_word' id='word_1_170' title='bbox 1580 2459 1824 2515; x_wconf 70' lang='lat' dir='ltr'><strong>adulteri-</strong></span> 
     </span>
     <span class='ocr_line' id='line_1_26' title="bbox 561 2558 1823 2636; baseline -0.013 -16"><span class='ocrx_word' id='word_1_171' title='bbox 561 2586 725 2636; x_wconf 85' lang='lat' dir='ltr'><strong>naque</strong></span> <span class='ocrx_word' id='word_1_172' title='bbox 753 2566 946 2635; x_wconf 85' lang='lat' dir='ltr'><strong>semper</strong></span> <span class='ocrx_word' id='word_1_173' title='bbox 973 2575 1261 2614; x_wconf 81' lang='lat' dir='ltr'><strong>crementur</strong></span> <span class='ocrx_word' id='word_1_174' title='bbox 1283 2597 1296 2618; x_wconf 85' lang='lat'><em>,</em></span> <span class='ocrx_word' id='word_1_175' title='bbox 1328 2559 1378 2610; x_wconf 89' lang='lat' dir='ltr'><strong>id</strong></span> <span class='ocrx_word' id='word_1_176' title='bbox 1399 2560 1555 2625; x_wconf 87' lang='lat' dir='ltr'>quod,</span> <span class='ocrx_word' id='word_1_177' title='bbox 1577 2558 1699 2607; x_wconf 88' lang='lat' dir='ltr'><strong>dum</strong></span> <span class='ocrx_word' id='word_1_178' title='bbox 1724 2565 1823 2617; x_wconf 69' lang='lat' dir='ltr'><strong>pu*</strong></span> 
     </span>
    </p>
   </div>
   <div class='ocr_carea' id='block_1_3' title="bbox 560 2638 1819 2792">
    <p class='ocr_par' dir='ltr' id='par_1_3' title="bbox 560 2638 1819 2792">
     <span class='ocr_line' id='line_1_27' title="bbox 560 2638 1819 2721; baseline -0.017 -9"><span class='ocrx_word' id='word_1_179' title='bbox 560 2680 614 2712; x_wconf 83' lang='lat' dir='ltr'><strong>er</strong></span> <span class='ocrx_word' id='word_1_180' title='bbox 647 2661 708 2711; x_wconf 91' lang='lat' dir='ltr'><strong>ab</strong></span> <span class='ocrx_word' id='word_1_181' title='bbox 733 2657 928 2711; x_wconf 82' lang='lat' dir='ltr'><strong>intimis</strong></span> <span class='ocrx_word' id='word_1_182' title='bbox 967 2653 1220 2706; x_wconf 88' lang='lat' dir='ltr'><strong>cubiculis</strong></span> <span class='ocrx_word' id='word_1_183' title='bbox 1259 2647 1624 2721; x_wconf 86' lang='lat' dir='ltr'><strong>prudentiffimi</strong></span> <span class='ocrx_word' id='word_1_184' title='bbox 1661 2638 1819 2709; x_wconf 83' lang='lat' dir='ltr'><strong>Regis</strong></span> 
     </span>
     <span class='ocr_line' id='line_1_28' title="bbox 1687 2739 1813 2792; baseline -0.024 -1"><span class='ocrx_word' id='word_1_185' title='bbox 1687 2739 1813 2792; x_wconf 63' lang='lat' dir='ltr'>Exn-2</span> 
     </span>
    </p>
   </div>
  </div>
 </body>
</html>
