<?xml version="1.0" encoding="UTF-8"?>
<!DOCTYPE html PUBLIC "-//W3C//DTD XHTML 1.0 Transitional//EN"
    "http://www.w3.org/TR/xhtml1/DTD/xhtml1-transitional.dtd">
<html xmlns="http://www.w3.org/1999/xhtml" xml:lang="en" lang="en">
 <head>
  <title>
</title>
<meta http-equiv="Content-Type" content="text/html;charset=utf-8" />
  <meta name='ocr-system' content='tesseract 3.04.00' />
  <meta name='ocr-capabilities' content='ocr_page ocr_carea ocr_par ocr_line ocrx_word'/>
</head>
<body>
  <div class='ocr_page' id='page_1' title='image "./damianigoesopusc00gi_0183.png"; bbox 0 0 1931 3239; ppageno 0'>
   <div class='ocr_carea' id='block_1_1' title="bbox 277 214 1380 283">
    <p class='ocr_par' dir='ltr' id='par_1_1' title="bbox 277 214 1380 283">
     <span class='ocr_line' id='line_1_1' title="bbox 277 214 1380 283; baseline -0.021 -1"><span class='ocrx_word' id='word_1_1' title='bbox 277 214 522 281; x_wconf 64' lang='lat' dir='ltr'>meNs&#39;rs</span> <span class='ocrx_word' id='word_1_2' title='bbox 558 230 735 270; x_wconf 69' lang='lat' dir='ltr'><strong>vnms</strong></span> <span class='ocrx_word' id='word_1_3' title='bbox 765 227 1164 267; x_wconf 69' lang='lat' dir='ltr'>OPPVGNA-rro</span> <span class='ocrx_word' id='word_1_4' title='bbox 1275 221 1380 283; x_wconf 74' lang='lat'>149·</span> 
     </span>
    </p>
   </div>
   <div class='ocr_carea' id='block_1_2' title="bbox 115 332 1415 2607">
    <p class='ocr_par' dir='ltr' id='par_1_2' title="bbox 115 332 1415 2607">
     <span class='ocr_line' id='line_1_2' title="bbox 133 332 1413 402; baseline -0.014 -3"><span class='ocrx_word' id='word_1_5' title='bbox 133 348 370 398; x_wconf 76' lang='lat' dir='ltr'>contulit.</span> <span class='ocrx_word' id='word_1_6' title='bbox 412 342 478 394; x_wconf 88' lang='lat' dir='ltr'>Et</span> <span class='ocrx_word' id='word_1_7' title='bbox 523 351 666 390; x_wconf 85' lang='lat' dir='ltr'><strong>tanta</strong></span> <span class='ocrx_word' id='word_1_8' title='bbox 704 335 964 389; x_wconf 81' lang='lat' dir='ltr'>celeritate</span> <span class='ocrx_word' id='word_1_9' title='bbox 1019 332 1259 402; x_wconf 84' lang='lat' dir='ltr'>nauigare</span> <span class='ocrx_word' id='word_1_10' title='bbox 1299 349 1413 383; x_wconf 85' lang='lat' dir='ltr'>coe-</span> 
     </span>
     <span class='ocr_line' id='line_1_3' title="bbox 130 425 1412 504; baseline -0.009 -16"><span class='ocrx_word' id='word_1_11' title='bbox 130 438 210 504; x_wconf 81' lang='lat' dir='ltr'>pit</span> <span class='ocrx_word' id='word_1_12' title='bbox 236 474 251 495; x_wconf 89' lang='lat'>‚</span> <span class='ocrx_word' id='word_1_13' title='bbox 289 447 339 490; x_wconf 89' lang='lat' dir='ltr'>vt</span> <span class='ocrx_word' id='word_1_14' title='bbox 379 446 493 484; x_wconf 86' lang='lat' dir='ltr'>orto</span> <span class='ocrx_word' id='word_1_15' title='bbox 540 430 653 481; x_wconf 87' lang='lat' dir='ltr'>Sole</span> <span class='ocrx_word' id='word_1_16' title='bbox 683 467 697 488; x_wconf 89' lang='lat'><strong><em>‚</em></strong></span> <span class='ocrx_word' id='word_1_17' title='bbox 742 428 945 480; x_wconf 86' lang='lat' dir='ltr'>nullum</span> <span class='ocrx_word' id='word_1_18' title='bbox 977 428 1087 480; x_wconf 87' lang='lat' dir='ltr'>eius</span> <span class='ocrx_word' id='word_1_19' title='bbox 1118 425 1276 478; x_wconf 81' lang='lat' dir='ltr'>classis</span> <span class='ocrx_word' id='word_1_20' title='bbox 1322 444 1412 477; x_wconf 86' lang='lat' dir='ltr'>ve-</span> 
     </span>
     <span class='ocr_line' id='line_1_4' title="bbox 127 517 1414 594; baseline -0.004 -17"><span class='ocrx_word' id='word_1_21' title='bbox 127 526 332 594; x_wconf 81' lang='lat' dir='ltr'>stigium</span> <span class='ocrx_word' id='word_1_22' title='bbox 382 536 663 593; x_wconf 83' lang='lat' dir='ltr'>appareret.</span> <span class='ocrx_word' id='word_1_23' title='bbox 722 521 926 573; x_wconf 83' lang='lat' dir='ltr'>Milites</span> <span class='ocrx_word' id='word_1_24' title='bbox 954 521 1097 591; x_wconf 84' lang='lat' dir='ltr'>regni</span> <span class='ocrx_word' id='word_1_25' title='bbox 1143 517 1414 572; x_wconf 79' lang='lat' dir='ltr'>Cambaiae</span> 
     </span>
     <span class='ocr_line' id='line_1_5' title="bbox 126 609 1415 669; baseline -0.003 -3"><span class='ocrx_word' id='word_1_26' title='bbox 126 616 235 667; x_wconf 83' lang='lat' dir='ltr'>haec</span> <span class='ocrx_word' id='word_1_27' title='bbox 262 615 488 666; x_wconf 80' lang='lat' dir='ltr'>videntes</span> <span class='ocrx_word' id='word_1_28' title='bbox 511 614 557 665; x_wconf 93' lang='lat' dir='ltr'>se</span> <span class='ocrx_word' id='word_1_29' title='bbox 583 625 727 665; x_wconf 66' lang='lat' dir='ltr'>extra</span> <span class='ocrx_word' id='word_1_30' title='bbox 770 609 988 663; x_wconf 87' lang='lat' dir='ltr'>insulam</span> <span class='ocrx_word' id='word_1_31' title='bbox 1013 648 1027 669; x_wconf 90' lang='lat'>‚</span> <span class='ocrx_word' id='word_1_32' title='bbox 1056 609 1278 662; x_wconf 87' lang='lat' dir='ltr'>fluuium</span> <span class='ocrx_word' id='word_1_33' title='bbox 1303 623 1415 662; x_wconf 61' lang='lat' dir='ltr'>tra«</span> 
     </span>
     <span class='ocr_line' id='line_1_6' title="bbox 126 703 1411 767; baseline -0.005 -8"><span class='ocrx_word' id='word_1_34' title='bbox 126 723 342 767; x_wconf 77' lang='lat' dir='ltr'>nantes,</span> <span class='ocrx_word' id='word_1_35' title='bbox 406 707 697 758; x_wconf 86' lang='lat' dir='ltr'>conferunt.</span> <span class='ocrx_word' id='word_1_36' title='bbox 741 703 949 755; x_wconf 81' lang='lat' dir='ltr'><strong>Tantus</strong></span> <span class='ocrx_word' id='word_1_37' title='bbox 1003 704 1102 754; x_wconf 83' lang='lat' dir='ltr'>fuit</span> <span class='ocrx_word' id='word_1_38' title='bbox 1169 703 1411 754; x_wconf 86' lang='lat' dir='ltr'>omnium</span> 
     </span>
     <span class='ocr_line' id='line_1_7' title="bbox 131 797 1413 867; baseline -0.005 -15"><span class='ocrx_word' id='word_1_39' title='bbox 131 817 292 853; x_wconf 83' lang='lat' dir='ltr'>terror</span> <span class='ocrx_word' id='word_1_40' title='bbox 318 818 374 851; x_wconf 85' lang='lat' dir='ltr'>ac</span> <span class='ocrx_word' id='word_1_41' title='bbox 403 801 589 859; x_wconf 87' lang='lat' dir='ltr'>timor,</span> <span class='ocrx_word' id='word_1_42' title='bbox 610 814 662 850; x_wconf 88' lang='lat' dir='ltr'>vt</span> <span class='ocrx_word' id='word_1_43' title='bbox 686 798 877 849; x_wconf 64' lang='lat' dir='ltr'>reliefis</span> <span class='ocrx_word' id='word_1_44' title='bbox 918 798 1033 867; x_wconf 86' lang='lat' dir='ltr'><strong>plus</strong></span> <span class='ocrx_word' id='word_1_45' title='bbox 1059 797 1289 847; x_wconf 84' lang='lat' dir='ltr'>millibus</span> <span class='ocrx_word' id='word_1_46' title='bbox 1315 798 1413 847; x_wconf 91' lang='lat' dir='ltr'>ho-</span> 
     </span>
     <span class='ocr_line' id='line_1_8' title="bbox 125 890 1410 962; baseline -0.003 -17"><span class='ocrx_word' id='word_1_47' title='bbox 125 895 328 945; x_wconf 86' lang='lat' dir='ltr'>minum</span> <span class='ocrx_word' id='word_1_48' title='bbox 378 893 757 943; x_wconf 86' lang='lat' dir='ltr'>vulneratorum</span> <span class='ocrx_word' id='word_1_49' title='bbox 788 930 801 951; x_wconf 88' lang='lat'><em>,</em></span> <span class='ocrx_word' id='word_1_50' title='bbox 866 910 923 942; x_wconf 88' lang='lat' dir='ltr'>ac</span> <span class='ocrx_word' id='word_1_51' title='bbox 976 892 1093 962; x_wconf 86' lang='lat' dir='ltr'>igne</span> <span class='ocrx_word' id='word_1_52' title='bbox 1172 890 1410 942; x_wconf 85' lang='lat' dir='ltr'>laesorum</span> 
     </span>
     <span class='ocr_line' id='line_1_9' title="bbox 125 978 1411 1050; baseline -0.004 -17"><span class='ocrx_word' id='word_1_53' title='bbox 125 982 182 1033; x_wconf 81' lang='lat' dir='ltr'>in</span> <span class='ocrx_word' id='word_1_54' title='bbox 210 981 378 1030; x_wconf 85' lang='lat' dir='ltr'>castris</span> <span class='ocrx_word' id='word_1_55' title='bbox 409 1019 422 1039; x_wconf 89' lang='lat'>‚</span> <span class='ocrx_word' id='word_1_56' title='bbox 476 981 677 1050; x_wconf 79' lang='lat' dir='ltr'>insuper</span> <span class='ocrx_word' id='word_1_57' title='bbox 741 980 974 1031; x_wconf 79' lang='lat' dir='ltr'>millibus</span> <span class='ocrx_word' id='word_1_58' title='bbox 1016 981 1234 1030; x_wconf 82' lang='lat' dir='ltr'>aliorum</span> <span class='ocrx_word' id='word_1_59' title='bbox 1262 1017 1280 1038; x_wconf 92' lang='lat'><em>,</em></span> <span class='ocrx_word' id='word_1_60' title='bbox 1318 978 1411 1047; x_wconf 81' lang='lat' dir='ltr'>qui</span> 
     </span>
     <span class='ocr_line' id='line_1_10' title="bbox 135 1069 1410 1142; baseline -0.001 -23"><span class='ocrx_word' id='word_1_61' title='bbox 135 1073 393 1139; x_wconf 80' lang='lat' dir='ltr'>praedandi</span> <span class='ocrx_word' id='word_1_62' title='bbox 444 1075 603 1141; x_wconf 77' lang='lat' dir='ltr'>gratia</span> <span class='ocrx_word' id='word_1_63' title='bbox 636 1074 787 1142; x_wconf 64' lang='lat' dir='ltr'>panio</span> <span class='ocrx_word' id='word_1_64' title='bbox 827 1087 942 1123; x_wconf 84' lang='lat' dir='ltr'>ante</span> <span class='ocrx_word' id='word_1_65' title='bbox 981 1091 1045 1123; x_wconf 82' lang='lat' dir='ltr'>ex</span> <span class='ocrx_word' id='word_1_66' title='bbox 1093 1072 1261 1122; x_wconf 83' lang='lat' dir='ltr'>castris</span> <span class='ocrx_word' id='word_1_67' title='bbox 1306 1069 1410 1119; x_wconf 85' lang='lat' dir='ltr'>dis-</span> 
     </span>
     <span class='ocr_line' id='line_1_11' title="bbox 127 1160 1408 1231; baseline 0.002 -24"><span class='ocrx_word' id='word_1_68' title='bbox 127 1160 407 1220; x_wconf 72' lang='lat' dir='ltr'>cefferant,</span> <span class='ocrx_word' id='word_1_69' title='bbox 468 1162 691 1231; x_wconf 77' lang='lat' dir='ltr'>fugerint</span> <span class='ocrx_word' id='word_1_70' title='bbox 721 1201 734 1222; x_wconf 83' lang='lat'>‚</span> <span class='ocrx_word' id='word_1_71' title='bbox 777 1164 864 1231; x_wconf 82' lang='lat' dir='ltr'>qui</span> <span class='ocrx_word' id='word_1_72' title='bbox 915 1181 1094 1213; x_wconf 82' lang='lat' dir='ltr'>omnes</span> <span class='ocrx_word' id='word_1_73' title='bbox 1141 1163 1205 1211; x_wconf 78' lang='lat' dir='ltr'>ad</span> <span class='ocrx_word' id='word_1_74' title='bbox 1246 1177 1408 1210; x_wconf 80' lang='lat' dir='ltr'><strong>vnum</strong></span> 
     </span>
     <span class='ocr_line' id='line_1_12' title="bbox 125 1249 1407 1321; baseline -0.002 -21"><span class='ocrx_word' id='word_1_75' title='bbox 125 1249 295 1319; x_wconf 79' lang='lat' dir='ltr'>postea</span> <span class='ocrx_word' id='word_1_76' title='bbox 319 1254 381 1302; x_wconf 79' lang='lat' dir='ltr'>ab</span> <span class='ocrx_word' id='word_1_77' title='bbox 409 1253 592 1303; x_wconf 83' lang='lat' dir='ltr'>incolis</span> <span class='ocrx_word' id='word_1_78' title='bbox 625 1291 637 1311; x_wconf 87' lang='lat'>‚</span> <span class='ocrx_word' id='word_1_79' title='bbox 677 1267 729 1302; x_wconf 72' lang='lat' dir='ltr'>vt</span> <span class='ocrx_word' id='word_1_80' title='bbox 779 1253 927 1303; x_wconf 88' lang='lat' dir='ltr'>nobis</span> <span class='ocrx_word' id='word_1_81' title='bbox 967 1251 1407 1321; x_wconf 67' lang='lat' dir='ltr'>gratificaremur,</span> 
     </span>
     <span class='ocr_line' id='line_1_13' title="bbox 124 1343 1404 1416; baseline 0 -24"><span class='ocrx_word' id='word_1_82' title='bbox 124 1344 176 1393; x_wconf 86' lang='lat'>&amp;</span> <span class='ocrx_word' id='word_1_83' title='bbox 219 1358 270 1393; x_wconf 78' lang='lat' dir='ltr'>vt</span> <span class='ocrx_word' id='word_1_84' title='bbox 314 1345 479 1413; x_wconf 87' lang='lat' dir='ltr'>turpia</span> <span class='ocrx_word' id='word_1_85' title='bbox 548 1345 598 1395; x_wconf 84' lang='lat' dir='ltr'>in</span> <span class='ocrx_word' id='word_1_86' title='bbox 647 1345 778 1413; x_wconf 84' lang='lat' dir='ltr'>ipsos</span> <span class='ocrx_word' id='word_1_87' title='bbox 830 1358 1113 1416; x_wconf 81' lang='lat' dir='ltr'>perpetrata</span> <span class='ocrx_word' id='word_1_88' title='bbox 1175 1343 1404 1393; x_wconf 78' lang='lat' dir='ltr'>facinora.</span> 
     </span>
     <span class='ocr_line' id='line_1_14' title="bbox 124 1432 1403 1494; baseline 0.003 -13"><span class='ocrx_word' id='word_1_89' title='bbox 124 1432 485 1494; x_wconf 80' lang='lat' dir='ltr'>vindicarent,</span> <span class='ocrx_word' id='word_1_90' title='bbox 537 1436 774 1486; x_wconf 79' lang='lat' dir='ltr'>trucidati</span> <span class='ocrx_word' id='word_1_91' title='bbox 824 1436 955 1486; x_wconf 86' lang='lat' dir='ltr'><strong>sunt.</strong></span> <span class='ocrx_word' id='word_1_92' title='bbox 999 1433 1177 1486; x_wconf 87' lang='lat' dir='ltr'>Nostri</span> <span class='ocrx_word' id='word_1_93' title='bbox 1227 1450 1294 1483; x_wconf 82' lang='lat' dir='ltr'>ex</span> <span class='ocrx_word' id='word_1_94' title='bbox 1340 1451 1403 1485; x_wconf 83' lang='lat' dir='ltr'>ea</span> 
     </span>
     <span class='ocr_line' id='line_1_15' title="bbox 121 1526 1402 1596; baseline 0.002 -23"><span class='ocrx_word' id='word_1_95' title='bbox 121 1540 322 1592; x_wconf 84' lang='lat' dir='ltr'>pugna,</span> <span class='ocrx_word' id='word_1_96' title='bbox 366 1526 591 1594; x_wconf 80' lang='lat' dir='ltr'>ingentia</span> <span class='ocrx_word' id='word_1_97' title='bbox 625 1528 784 1595; x_wconf 80' lang='lat' dir='ltr'>spolia</span> <span class='ocrx_word' id='word_1_98' title='bbox 808 1565 821 1586; x_wconf 86' lang='lat'><em>,</em></span> <span class='ocrx_word' id='word_1_99' title='bbox 872 1540 1050 1596; x_wconf 76' lang='lat' dir='ltr'>praeter</span> <span class='ocrx_word' id='word_1_100' title='bbox 1084 1526 1260 1575; x_wconf 84' lang='lat' dir='ltr'>omnia</span> <span class='ocrx_word' id='word_1_101' title='bbox 1290 1538 1402 1575; x_wconf 88' lang='lat' dir='ltr'>tor-</span> 
     </span>
     <span class='ocr_line' id='line_1_16' title="bbox 120 1617 1400 1687; baseline 0.003 -24"><span class='ocrx_word' id='word_1_102' title='bbox 120 1629 297 1665; x_wconf 85' lang='lat' dir='ltr'>menta</span> <span class='ocrx_word' id='word_1_103' title='bbox 364 1618 545 1669; x_wconf 85' lang='lat' dir='ltr'>bellica</span> <span class='ocrx_word' id='word_1_104' title='bbox 574 1656 587 1678; x_wconf 90' lang='lat'>‚</span> <span class='ocrx_word' id='word_1_105' title='bbox 635 1638 746 1687; x_wconf 84' lang='lat' dir='ltr'>quae</span> <span class='ocrx_word' id='word_1_106' title='bbox 811 1618 1012 1669; x_wconf 74' lang='lat' dir='ltr'>circiter</span> <span class='ocrx_word' id='word_1_107' title='bbox 1058 1631 1309 1675; x_wconf 80' lang='lat' dir='ltr'>centum,</span> <span class='ocrx_word' id='word_1_108' title='bbox 1346 1617 1400 1667; x_wconf 85' lang='lat'>&amp;</span> 
     </span>
     <span class='ocr_line' id='line_1_17' title="bbox 119 1705 1391 1776; baseline 0.002 -22"><span class='ocrx_word' id='word_1_109' title='bbox 119 1705 489 1776; x_wconf 77' lang='lat' dir='ltr'>quinquaginta</span> <span class='ocrx_word' id='word_1_110' title='bbox 539 1726 756 1758; x_wconf 85' lang='lat' dir='ltr'>numero</span> <span class='ocrx_word' id='word_1_111' title='bbox 803 1720 945 1758; x_wconf 80' lang='lat' dir='ltr'>erant</span> <span class='ocrx_word' id='word_1_112' title='bbox 973 1745 986 1765; x_wconf 88' lang='lat'>,</span> <span class='ocrx_word' id='word_1_113' title='bbox 1037 1706 1391 1757; x_wconf 78' lang='lat' dir='ltr'>obtinuerunt.</span> 
     </span>
     <span class='ocr_line' id='line_1_18' title="bbox 123 1797 1397 1870; baseline 0.002 -23"><span class='ocrx_word' id='word_1_114' title='bbox 123 1797 266 1868; x_wconf 82' lang='lat' dir='ltr'>Fuga</span> <span class='ocrx_word' id='word_1_115' title='bbox 291 1802 462 1870; x_wconf 86' lang='lat' dir='ltr'>itaque</span> <span class='ocrx_word' id='word_1_116' title='bbox 500 1804 719 1854; x_wconf 87' lang='lat' dir='ltr'>hostium</span> <span class='ocrx_word' id='word_1_117' title='bbox 747 1803 883 1854; x_wconf 62' lang='lat' dir='ltr'>fae‘hz</span> <span class='ocrx_word' id='word_1_118' title='bbox 911 1841 925 1862; x_wconf 88' lang='lat'><em>,</em></span> <span class='ocrx_word' id='word_1_119' title='bbox 971 1800 1233 1853; x_wconf 81' lang='lat' dir='ltr'>confestim</span> <span class='ocrx_word' id='word_1_120' title='bbox 1279 1799 1397 1849; x_wconf 82' lang='lat' dir='ltr'><strong>An·-</strong></span> 
     </span>
     <span class='ocr_line' id='line_1_19' title="bbox 120 1889 1397 1960; baseline -0.001 -23"><span class='ocrx_word' id='word_1_121' title='bbox 120 1889 293 1940; x_wconf 85' lang='lat' dir='ltr'>tonius</span> <span class='ocrx_word' id='word_1_122' title='bbox 324 1909 353 1941; x_wconf 90' lang='lat' dir='ltr'>a</span> <span class='ocrx_word' id='word_1_123' title='bbox 405 1891 668 1960; x_wconf 85' lang='lat' dir='ltr'>Sylueira,</span> <span class='ocrx_word' id='word_1_124' title='bbox 726 1893 953 1944; x_wconf 84' lang='lat' dir='ltr'><strong>celocem</strong></span> <span class='ocrx_word' id='word_1_125' title='bbox 1001 1895 1062 1942; x_wconf 87' lang='lat' dir='ltr'>ad</span> <span class='ocrx_word' id='word_1_126' title='bbox 1119 1890 1397 1956; x_wconf 81' lang='lat' dir='ltr'>Proregem</span> 
     </span>
     <span class='ocr_line' id='line_1_20' title="bbox 120 1975 1394 2053; baseline -0.004 -24"><span class='ocrx_word' id='word_1_127' title='bbox 120 1977 433 2032; x_wconf 80' lang='lat' dir='ltr'>Gratianum</span> <span class='ocrx_word' id='word_1_128' title='bbox 465 2000 493 2032; x_wconf 83' lang='lat' dir='ltr'>a</span> <span class='ocrx_word' id='word_1_129' title='bbox 514 1984 765 2053; x_wconf 83' lang='lat' dir='ltr'>Norogna</span> <span class='ocrx_word' id='word_1_130' title='bbox 788 1983 950 2034; x_wconf 76' lang='lat' dir='ltr'>mittit</span> <span class='ocrx_word' id='word_1_131' title='bbox 973 2019 988 2041; x_wconf 93' lang='lat'><em>,</em></span> <span class='ocrx_word' id='word_1_132' title='bbox 1023 1980 1170 2048; x_wconf 84' lang='lat' dir='ltr'>eique</span> <span class='ocrx_word' id='word_1_133' title='bbox 1203 1995 1280 2028; x_wconf 80' lang='lat' dir='ltr'>res</span> <span class='ocrx_word' id='word_1_134' title='bbox 1319 1975 1394 2025; x_wconf 79' lang='lat' dir='ltr'>ibi</span> 
     </span>
     <span class='ocr_line' id='line_1_21' title="bbox 118 2067 1390 2144; baseline -0.002 -24"><span class='ocrx_word' id='word_1_135' title='bbox 118 2072 277 2139; x_wconf 81' lang='lat' dir='ltr'>gestas</span> <span class='ocrx_word' id='word_1_136' title='bbox 306 2074 497 2125; x_wconf 85' lang='lat' dir='ltr'>indicat</span> <span class='ocrx_word' id='word_1_137' title='bbox 527 2113 541 2134; x_wconf 87' lang='lat'><em>‚</em></span> <span class='ocrx_word' id='word_1_138' title='bbox 571 2094 683 2144; x_wconf 83' lang='lat' dir='ltr'>quae</span> <span class='ocrx_word' id='word_1_139' title='bbox 711 2075 857 2125; x_wconf 88' lang='lat' dir='ltr'>illum</span> <span class='ocrx_word' id='word_1_140' title='bbox 908 2090 1029 2123; x_wconf 86' lang='lat' dir='ltr'>curn</span> <span class='ocrx_word' id='word_1_141' title='bbox 1057 2084 1164 2121; x_wconf 84' lang='lat' dir='ltr'>tota</span> <span class='ocrx_word' id='word_1_142' title='bbox 1209 2067 1353 2119; x_wconf 79' lang='lat' dir='ltr'>classe</span> <span class='ocrx_word' id='word_1_143' title='bbox 1373 2104 1390 2126; x_wconf 85' lang='lat'><em>,</em></span> 
     </span>
     <span class='ocr_line' id='line_1_22' title="bbox 120 2161 1394 2236; baseline 0 -25"><span class='ocrx_word' id='word_1_144' title='bbox 120 2163 326 2216; x_wconf 78' lang='lat' dir='ltr'>circiter</span> <span class='ocrx_word' id='word_1_145' title='bbox 358 2179 565 2217; x_wconf 85' lang='lat' dir='ltr'>centurn</span> <span class='ocrx_word' id='word_1_146' title='bbox 595 2167 644 2217; x_wconf 88' lang='lat'>&amp;</span> <span class='ocrx_word' id='word_1_147' title='bbox 670 2165 927 2236; x_wconf 78' lang='lat' dir='ltr'>sexaginta</span> <span class='ocrx_word' id='word_1_148' title='bbox 972 2163 1202 2213; x_wconf 86' lang='lat' dir='ltr'>millibus</span> <span class='ocrx_word' id='word_1_149' title='bbox 1229 2161 1394 2231; x_wconf 74' lang='lat' dir='ltr'>passu-</span> 
     </span>
     <span class='ocr_line' id='line_1_23' title="bbox 120 2255 1387 2310; baseline 0 -6"><span class='ocrx_word' id='word_1_150' title='bbox 120 2273 210 2305; x_wconf 83' lang='lat' dir='ltr'>um</span> <span class='ocrx_word' id='word_1_151' title='bbox 253 2271 452 2310; x_wconf 79' lang='lat' dir='ltr'>tantur-n</span> <span class='ocrx_word' id='word_1_152' title='bbox 484 2279 514 2310; x_wconf 84' lang='lat' dir='ltr'>a</span> <span class='ocrx_word' id='word_1_153' title='bbox 556 2258 664 2309; x_wconf 91' lang='lat' dir='ltr'>Dio</span> <span class='ocrx_word' id='word_1_154' title='bbox 709 2258 973 2310; x_wconf 87' lang='lat' dir='ltr'>distantem</span> <span class='ocrx_word' id='word_1_155' title='bbox 1013 2258 1120 2307; x_wconf 89' lang='lat' dir='ltr'>iam</span> <span class='ocrx_word' id='word_1_156' title='bbox 1166 2255 1387 2305; x_wconf 85' lang='lat' dir='ltr'>inuenit.</span> 
     </span>
     <span class='ocr_line' id='line_1_24' title="bbox 119 2346 1390 2419; baseline 0.002 -21"><span class='ocrx_word' id='word_1_157' title='bbox 119 2348 244 2418; x_wconf 77' lang='lat' dir='ltr'>Qio</span> <span class='ocrx_word' id='word_1_158' title='bbox 271 2354 460 2403; x_wconf 85' lang='lat' dir='ltr'>nuncio</span> <span class='ocrx_word' id='word_1_159' title='bbox 486 2352 770 2403; x_wconf 85' lang='lat' dir='ltr'>exultantes</span> <span class='ocrx_word' id='word_1_160' title='bbox 794 2389 808 2410; x_wconf 91' lang='lat'><em>,</em></span> <span class='ocrx_word' id='word_1_161' title='bbox 853 2369 1032 2402; x_wconf 85' lang='lat' dir='ltr'>omnes</span> <span class='ocrx_word' id='word_1_162' title='bbox 1070 2349 1256 2419; x_wconf 82' lang='lat' dir='ltr'>gaudio</span> <span class='ocrx_word' id='word_1_163' title='bbox 1276 2346 1390 2400; x_wconf 67' lang='lat' dir='ltr'>tna-⁴</span> 
     </span>
     <span class='ocr_line' id='line_1_25' title="bbox 115 2440 1389 2514; baseline -0.002 -23"><span class='ocrx_word' id='word_1_164' title='bbox 115 2459 220 2510; x_wconf 82' lang='lat' dir='ltr'>gno</span> <span class='ocrx_word' id='word_1_165' title='bbox 245 2443 412 2494; x_wconf 60' lang='lat' dir='ltr'>affe&amp;</span> <span class='ocrx_word' id='word_1_166' title='bbox 445 2444 560 2494; x_wconf 86' lang='lat' dir='ltr'>sunt</span> <span class='ocrx_word' id='word_1_167' title='bbox 583 2482 598 2503; x_wconf 91' lang='lat'><em>‚</em></span> <span class='ocrx_word' id='word_1_168' title='bbox 635 2462 928 2514; x_wconf 84' lang='lat' dir='ltr'>quanquam</span> <span class='ocrx_word' id='word_1_169' title='bbox 972 2442 1254 2495; x_wconf 82' lang='lat' dir='ltr'>Gratianus</span> <span class='ocrx_word' id='word_1_170' title='bbox 1293 2440 1389 2490; x_wconf 87' lang='lat' dir='ltr'>do-</span> 
     </span>
     <span class='ocr_line' id='line_1_26' title="bbox 115 2533 1384 2607; baseline 0.002 -22"><span class='ocrx_word' id='word_1_171' title='bbox 115 2535 240 2586; x_wconf 84' lang='lat' dir='ltr'>leret</span> <span class='ocrx_word' id='word_1_172' title='bbox 273 2537 320 2588; x_wconf 92' lang='lat' dir='ltr'>se</span> <span class='ocrx_word' id='word_1_173' title='bbox 347 2537 508 2590; x_wconf 87' lang='lat' dir='ltr'>hostes</span> <span class='ocrx_word' id='word_1_174' title='bbox 551 2552 665 2589; x_wconf 82' lang='lat' dir='ltr'>ante</span> <span class='ocrx_word' id='word_1_175' title='bbox 713 2553 920 2607; x_wconf 86' lang='lat' dir='ltr'>portum</span> <span class='ocrx_word' id='word_1_176' title='bbox 963 2555 1068 2589; x_wconf 88' lang='lat' dir='ltr'>non</span> <span class='ocrx_word' id='word_1_177' title='bbox 1117 2533 1384 2604; x_wconf 79' lang='lat' dir='ltr'>reperiffe›</span> 
     </span>
    </p>
   </div>
   <div class='ocr_carea' id='block_1_3' title="bbox 113 2632 1387 2791">
    <p class='ocr_par' dir='ltr' id='par_1_3' title="bbox 113 2632 1387 2791">
     <span class='ocr_line' id='line_1_27' title="bbox 113 2632 1387 2705; baseline 0.011 -25"><span class='ocrx_word' id='word_1_178' title='bbox 113 2646 208 2682; x_wconf 82' lang='lat' dir='ltr'>nec</span> <span class='ocrx_word' id='word_1_179' title='bbox 233 2650 414 2697; x_wconf 86' lang='lat' dir='ltr'>eorum</span> <span class='ocrx_word' id='word_1_180' title='bbox 457 2632 654 2686; x_wconf 81' lang='lat' dir='ltr'>claffem</span> <span class='ocrx_word' id='word_1_181' title='bbox 681 2652 974 2705; x_wconf 82' lang='lat' dir='ltr'>oppugnare</span> <span class='ocrx_word' id='word_1_182' title='bbox 1019 2632 1151 2702; x_wconf 80' lang='lat' dir='ltr'>posse</span> <span class='ocrx_word' id='word_1_183' title='bbox 1175 2667 1189 2689; x_wconf 76' lang='lat'>‚</span> <span class='ocrx_word' id='word_1_184' title='bbox 1234 2641 1387 2693; x_wconf 81' lang='lat' dir='ltr'>atque</span> 
     </span>
     <span class='ocr_line' id='line_1_28' title="bbox 1181 2719 1343 2791; baseline -0.012 -22"><span class='ocrx_word' id='word_1_185' title='bbox 1181 2719 1343 2791; x_wconf 74' lang='lat' dir='ltr'>glori-</span> 
     </span>
    </p>
   </div>
  </div>
 </body>
</html>
