1965 3223
603 207 708 263 342
994 205 1279 244 DAMIANI
1307 206 1346 243 A
1379 206 1527 244 GOES

564 317 709 372 tione
745 311 938 364 iniecit.
981 311 1152 379 Qtare
1183 351 1194 371 ,
1240 313 1414 381 praelio
1463 313 1844 382 redintegratoj

563 427 739 479 ‚pugna
759 406 923 455 denuo
948 403 1286 454 recrudescere
1311 404 1726 474 cae.pit.Tandem
1754 405 1848 454 ho*

565 502 663 552 *stes
695 539 709 558 ‚
733 496 974 548 remissius
1002 495 1150 545 solito
1185 494 1454 545 resistentes
1479 530 1492 555 ,
1520 496 1740 565 receptui
1762 513 1848 546 ca*-

573 604 719 642 nunt.
763 591 856 641 Sed
885 609 1041 658 quum
1090 589 1309 639 luscente
1367 589 1446 638 die
1492 589 1694 640 suorum
1747 587 1853 636 cla—

572 683 689 732 dem
718 682 878 732 oculis
917 680 1293 740 discernerent,
1339 698 1556 749 quorum
1600 679 1852 746 permulta

572 773 814 823 cadauera
844 810 856 829 ,
903 785 1132 822 truncata
1180 774 1228 822 δε
1259 772 1435 822 misere
1485 771 1699 821 lacerata
1730 809 1742 828 ,
1797 770 1851 818 in

573 863 693 913 folsa
724 862 952 911 iacebant
987 898 999 917 ‚
1052 861 1223 910 dolore
1272 863 1320 910 ἂ
1359 862 1432 910 ira
1475 861 1650 928 perciti
1683 896 1695 913 ,
1737 873 1851 907 tane

574 969 726 1021 quam
768 948 932 998 vesani
963 945 1280 1013 furentesque
1310 983 1322 1003 ‚
1376 947 1540 995 denuo
1580 947 1632 996 in
1662 947 1852 996 nostros

573 1041 828 1099 inuolant3
867 1035 1146 1103 eodemque
1173 1073 1186 1095 ‚
1209 1053 1310 1102 quo
1337 1046 1585 1101 eaeperant
1614 1035 1806 1103 impetu
1835 1073 1850 1094 ,

578 1135 642 1184 ad
669 1144 902 1201 quartam
930 1128 1027 1177 diei
1059 1128 1231 1177 horam
1273 1127 1573 1177 dimicatum
1599 1127 1715 1177 fuit.
1759 1128 1856 1178 Sed

575 1228 778 1280 tandem
820 1222 968 1274 nostri
995 1221 1055 1271 ad
1081 1223 1291 1291 plenum
1317 1221 1534 1273 vinitores
1557 1221 1852 1282 euaserunt,

574 1334 869 1389 quanquam
912 1333 1015 1365 non
1043 1313 1143 1363 fine
1170 1313 1335 1362 multo
1362 1313 1566 1364 suorum
1594 1314 1850 1383 sanguine.

573 1414 691 1466 Nec
737 1409 900 1460 solum
938 1408 1057 1458 viris
1102 1427 1159 1458 ea
1199 1408 1411 1460 victoria
1443 1448 1456 1469 ‚
1489 1429 1661 1461 verum
1700 1411 1856 1460 etiam

575 1501 812 1555 muliebri
839 1499 1058 1549 audaciae
1093 1499 1332 1548 attributa
1373 1498 1469 1550 fuit
1506 1521 1517 1549 ε
1557 1519 1674 1550 nam
1727 1502 1858 1550 inter

579 1612 662 1645 eas
714 1602 968 1639 matronas
1008 1624 1020 1645 ,
1070 1605 1180 1654 quae
1226 1587 1477 1638 militibus
1513 1589 1572 1638 ad
1624 1589 1855 1638 stationes

577 1695 596 1759 (
623 1684 1004 1755 oppugnatione
1037 1681 1244 1731 durante
1272 1684 1289 1747 J
1319 1682 1580 1732 necessaria
1622 1695 1858 1750 apporta-

580 1781 701 1829 bant
731 1817 743 1837 ,
781 1794 883 1828 non
909 1792 1079 1844 paucae
1118 1773 1336 1823 inuentae
1363 1774 1474 1824 sunt
1509 1812 1522 1832 ,
1565 1792 1675 1841 quae
1709 1774 1861 1843 sagit-

574 1872 644 1923 -tis
677 1870 886 1939 aliisque.
918 1867 1178 1919 miffilibus
1214 1869 1341 1918 laesae
1372 1907 1383 1927 ,
1425 1870 1646 1938 tragulas
1683 1871 1731 1920 δε
1758 1868 1858 1936 spi—

576 1959 693 2010 cula
727 1956 927 2027 propria
952 1973 1105 2005 manu
1134 1956 1406 2007 euellerent
1437 1996 1450 2017 ,
1485 1977 1543 2009 ac
1567 1959 1858 2010 vulneribus

577 2051 818 2119 obligatis
862 2086 874 2106 ‚
913 2061 1131 2099 cruentae
1164 2051 1448 2101 etiamnum
1481 2088 1494 2110 ‚
1567 2051 1629 2101 ad
1678 2050 1856 2100 eadem

581 2143 758 2193 munia
797 2140 931 2208 quasi
959 2141 1164 2209 integrae
1193 2143 1495 2212 intactaeque
1523 2155 1857 2194 recurrerent.

580 2231 700 2283 Hoc
729 2232 1004 2282 certamine
1041 2232 1242 2282 circiter
1264 2233 1406 2282 mille
1445 2233 1662 2283 hostium
1696 2271 1709 2291 ‚
1732 2249 1861 2300 prae-

581 2335 659 2372 ter
693 2322 977 2371 vulneratos
1015 2361 1027 2380 ‚
1053 2324 1276 2373 cecidisse
1303 2323 1510 2375 constat.
1562 2323 1708 2375 Inter
1732 2340 1860 2392 quos
1913 2347 1916 2350 ¹

575 2413 739 2465 etiarn
775 2409 1014 2458 occubuit
1066 2409 1376 2462 Itizarcanus
1424 2412 1548 2463 dux.
1596 2413 1660 2464 In
1712 2411 1854 2462 cuius

579 2497 759 2547 -locum
787 2492 987 2542 fratrem
1013 2494 1121 2542 eius
1150 2508 1267 2544 natu
1297 2499 1550 2549 minorem
1582 2535 1597 2556 ‚
1650 2496 1861 2548 Mamu.

584 2581 699 2633 dius
739 2573 1058 2646 gratitudinis
1087 2575 1151 2636 ,ἃ
1177 2574 1490 2650 liberalitatis
1514 2597 1650 2654 21ng
1671 2613 1688 2638 ‚
1715 2575 1864 2626 suffe-

1758 2681 1830 2720 Clt
