<?xml version="1.0" encoding="UTF-8"?>
<!DOCTYPE html PUBLIC "-//W3C//DTD XHTML 1.0 Transitional//EN"
    "http://www.w3.org/TR/xhtml1/DTD/xhtml1-transitional.dtd">
<html xmlns="http://www.w3.org/1999/xhtml" xml:lang="en" lang="en">
 <head>
  <title>
</title>
<meta http-equiv="Content-Type" content="text/html;charset=utf-8" />
  <meta name='ocr-system' content='tesseract 3.04.00' />
  <meta name='ocr-capabilities' content='ocr_page ocr_carea ocr_par ocr_line ocrx_word'/>
</head>
<body>
  <div class='ocr_page' id='page_1' title='image "./damianigoesopusc00gi_0337.png"; bbox 0 0 1931 3239; ppageno 0'>
   <div class='ocr_carea' id='block_1_1' title="bbox 368 236 1387 296">
    <p class='ocr_par' dir='ltr' id='par_1_1' title="bbox 368 236 1387 296">
     <span class='ocr_line' id='line_1_1' title="bbox 368 236 1387 296; baseline -0.006 -13"><span class='ocrx_word' id='word_1_1' title='bbox 368 246 442 283; x_wconf 70' lang='lat' dir='ltr'>DE</span> <span class='ocrx_word' id='word_1_2' title='bbox 474 240 666 278; x_wconf 82' lang='lat' dir='ltr'>BELLO</span> <span class='ocrx_word' id='word_1_3' title='bbox 699 236 1035 274; x_wconf 70' lang='lat' dir='ltr'>cAMBArco</span> <span class='ocrx_word' id='word_1_4' title='bbox 1077 238 1206 276; x_wconf 83' lang='lat' dir='ltr'>SEC.</span> <span class='ocrx_word' id='word_1_5' title='bbox 1288 240 1387 296; x_wconf 68' lang='lat'>303</span> 
     </span>
    </p>
   </div>
   <div class='ocr_carea' id='block_1_2' title="bbox 156 339 1469 2824">
    <p class='ocr_par' dir='ltr' id='par_1_2' title="bbox 167 339 1469 1240">
     <span class='ocr_line' id='line_1_2' title="bbox 182 339 1464 418; baseline -0.006 -15"><span class='ocrx_word' id='word_1_6' title='bbox 182 361 471 418; x_wconf 77' lang='lat' dir='ltr'>comparare</span> <span class='ocrx_word' id='word_1_7' title='bbox 497 382 510 401; x_wconf 95' lang='lat'><em>,</em></span> <span class='ocrx_word' id='word_1_8' title='bbox 535 356 587 393; x_wconf 88' lang='lat' dir='ltr'>vt</span> <span class='ocrx_word' id='word_1_9' title='bbox 623 343 888 411; x_wconf 84' lang='lat' dir='ltr'>imparatis</span> <span class='ocrx_word' id='word_1_10' title='bbox 916 341 991 393; x_wconf 90' lang='lat' dir='ltr'>vel</span> <span class='ocrx_word' id='word_1_11' title='bbox 1020 359 1110 409; x_wconf 90' lang='lat' dir='ltr'>per</span> <span class='ocrx_word' id='word_1_12' title='bbox 1137 339 1336 393; x_wconf 82' lang='lat' dir='ltr'>insidias</span> <span class='ocrx_word' id='word_1_13' title='bbox 1367 348 1464 395; x_wconf 72' lang='lat' dir='ltr'>ob-</span> 
     </span>
     <span class='ocr_line' id='line_1_3' title="bbox 179 437 1464 514; baseline -0.003 -22"><span class='ocrx_word' id='word_1_14' title='bbox 179 453 405 514; x_wconf 80' lang='lat' dir='ltr'>reperent</span> <span class='ocrx_word' id='word_1_15' title='bbox 434 476 449 498; x_wconf 88' lang='lat'><em>,</em></span> <span class='ocrx_word' id='word_1_16' title='bbox 489 439 567 489; x_wconf 85' lang='lat' dir='ltr'>vel</span> <span class='ocrx_word' id='word_1_17' title='bbox 631 452 804 509; x_wconf 89' lang='lat' dir='ltr'>aperto</span> <span class='ocrx_word' id='word_1_18' title='bbox 846 437 1020 488; x_wconf 84' lang='lat' dir='ltr'>Marte</span> <span class='ocrx_word' id='word_1_19' title='bbox 1075 454 1134 487; x_wconf 84' lang='lat' dir='ltr'>ex</span> <span class='ocrx_word' id='word_1_20' title='bbox 1185 452 1464 506; x_wconf 79' lang='lat' dir='ltr'>praeparato</span> 
     </span>
     <span class='ocr_line' id='line_1_4' title="bbox 174 522 1469 608; baseline -0.005 -19"><span class='ocrx_word' id='word_1_21' title='bbox 174 538 379 608; x_wconf 80' lang='lat' dir='ltr'>grauius</span> <span class='ocrx_word' id='word_1_22' title='bbox 448 535 792 586; x_wconf 86' lang='lat' dir='ltr'>adorirentur.</span> <span class='ocrx_word' id='word_1_23' title='bbox 842 532 935 583; x_wconf 87' lang='lat' dir='ltr'>Sed</span> <span class='ocrx_word' id='word_1_24' title='bbox 991 531 1213 583; x_wconf 87' lang='lat' dir='ltr'>Ioannes</span> <span class='ocrx_word' id='word_1_25' title='bbox 1258 522 1469 583; x_wconf 57' lang='lat' dir='ltr'>Mascass</span> 
     </span>
     <span class='ocr_line' id='line_1_5' title="bbox 171 625 1466 699; baseline -0.003 -19"><span class='ocrx_word' id='word_1_26' title='bbox 171 647 354 699; x_wconf 85' lang='lat' dir='ltr'>regnas</span> <span class='ocrx_word' id='word_1_27' title='bbox 381 668 394 690; x_wconf 90' lang='lat'><em>,</em></span> <span class='ocrx_word' id='word_1_28' title='bbox 428 630 510 680; x_wconf 89' lang='lat' dir='ltr'>cui</span> <span class='ocrx_word' id='word_1_29' title='bbox 555 629 684 681; x_wconf 86' lang='lat' dir='ltr'>arcis</span> <span class='ocrx_word' id='word_1_30' title='bbox 725 627 951 679; x_wconf 85' lang='lat' dir='ltr'>custodia</span> <span class='ocrx_word' id='word_1_31' title='bbox 977 625 1281 676; x_wconf 85' lang='lat' dir='ltr'>demandata</span> <span class='ocrx_word' id='word_1_32' title='bbox 1310 638 1417 676; x_wconf 87' lang='lat' dir='ltr'>erat</span> <span class='ocrx_word' id='word_1_33' title='bbox 1451 664 1466 685; x_wconf 83' lang='lat'>‚</span> 
     </span>
     <span class='ocr_line' id='line_1_6' title="bbox 171 721 1461 794; baseline -0.003 -20"><span class='ocrx_word' id='word_1_34' title='bbox 171 723 251 774; x_wconf 80' lang='lat' dir='ltr'>vir</span> <span class='ocrx_word' id='word_1_35' title='bbox 300 743 405 776; x_wconf 90' lang='lat' dir='ltr'>non</span> <span class='ocrx_word' id='word_1_36' title='bbox 442 725 614 776; x_wconf 86' lang='lat' dir='ltr'>minus</span> <span class='ocrx_word' id='word_1_37' title='bbox 645 722 806 794; x_wconf 84' lang='lat' dir='ltr'>sagaci</span> <span class='ocrx_word' id='word_1_38' title='bbox 839 761 852 782; x_wconf 90' lang='lat'>,</span> <span class='ocrx_word' id='word_1_39' title='bbox 879 740 1035 790; x_wconf 88' lang='lat' dir='ltr'>quam</span> <span class='ocrx_word' id='word_1_40' title='bbox 1063 721 1183 772; x_wconf 86' lang='lat' dir='ltr'>forti</span> <span class='ocrx_word' id='word_1_41' title='bbox 1214 722 1422 789; x_wconf 61' lang='lat' dir='ltr'>pectore</span> <span class='ocrx_word' id='word_1_42' title='bbox 1447 759 1461 780; x_wconf 89' lang='lat'><em>,</em></span> 
     </span>
     <span class='ocr_line' id='line_1_7' title="bbox 171 813 1462 886; baseline 0.001 -22"><span class='ocrx_word' id='word_1_43' title='bbox 171 816 350 866; x_wconf 90' lang='lat' dir='ltr'>omnia</span> <span class='ocrx_word' id='word_1_44' title='bbox 388 817 609 868; x_wconf 85' lang='lat' dir='ltr'>olfacere</span> <span class='ocrx_word' id='word_1_45' title='bbox 646 855 660 877; x_wconf 90' lang='lat'>,</span> <span class='ocrx_word' id='word_1_46' title='bbox 691 834 747 867; x_wconf 89' lang='lat' dir='ltr'>ac</span> <span class='ocrx_word' id='word_1_47' title='bbox 797 815 976 886; x_wconf 88' lang='lat' dir='ltr'>procul</span> <span class='ocrx_word' id='word_1_48' title='bbox 1005 813 1188 865; x_wconf 86' lang='lat' dir='ltr'>sentire</span> <span class='ocrx_word' id='word_1_49' title='bbox 1215 853 1227 873; x_wconf 91' lang='lat'><strong>‚</strong></span> <span class='ocrx_word' id='word_1_50' title='bbox 1282 833 1462 865; x_wconf 88' lang='lat' dir='ltr'>eorum</span> 
     </span>
     <span class='ocr_line' id='line_1_8' title="bbox 169 907 1462 979; baseline -0.002 -20"><span class='ocrx_word' id='word_1_51' title='bbox 169 908 379 960; x_wconf 81' lang='lat' dir='ltr'>consilia</span> <span class='ocrx_word' id='word_1_52' title='bbox 431 909 744 979; x_wconf 81' lang='lat' dir='ltr'>conatusque</span> <span class='ocrx_word' id='word_1_53' title='bbox 779 910 1045 979; x_wconf 88' lang='lat' dir='ltr'>explorare</span> <span class='ocrx_word' id='word_1_54' title='bbox 1074 948 1087 968; x_wconf 92' lang='lat'>,</span> <span class='ocrx_word' id='word_1_55' title='bbox 1143 907 1319 959; x_wconf 86' lang='lat' dir='ltr'>omnia</span> <span class='ocrx_word' id='word_1_56' title='bbox 1369 924 1462 976; x_wconf 81' lang='lat' dir='ltr'>pro</span> 
     </span>
     <span class='ocr_line' id='line_1_9' title="bbox 170 1002 1460 1071; baseline -0.002 -17"><span class='ocrx_word' id='word_1_57' title='bbox 170 1002 424 1070; x_wconf 83' lang='lat' dir='ltr'>temporis</span> <span class='ocrx_word' id='word_1_58' title='bbox 455 1003 679 1071; x_wconf 82' lang='lat' dir='ltr'>angustia</span> <span class='ocrx_word' id='word_1_59' title='bbox 705 1015 1025 1071; x_wconf 89' lang='lat' dir='ltr'>comportare</span> <span class='ocrx_word' id='word_1_60' title='bbox 1063 1019 1119 1051; x_wconf 89' lang='lat' dir='ltr'>ac</span> <span class='ocrx_word' id='word_1_61' title='bbox 1147 1019 1460 1070; x_wconf 76' lang='lat' dir='ltr'>praeparare,</span> 
     </span>
     <span class='ocr_line' id='line_1_10' title="bbox 167 1092 1460 1165; baseline -0.003 -19"><span class='ocrx_word' id='word_1_62' title='bbox 167 1114 281 1165; x_wconf 86' lang='lat' dir='ltr'>quae</span> <span class='ocrx_word' id='word_1_63' title='bbox 304 1097 366 1146; x_wconf 89' lang='lat' dir='ltr'>ad</span> <span class='ocrx_word' id='word_1_64' title='bbox 391 1097 496 1147; x_wconf 89' lang='lat' dir='ltr'>vim</span> <span class='ocrx_word' id='word_1_65' title='bbox 543 1095 764 1147; x_wconf 86' lang='lat' dir='ltr'>hostium</span> <span class='ocrx_word' id='word_1_66' title='bbox 800 1095 1195 1165; x_wconf 83' lang='lat' dir='ltr'>propulsandam</span> <span class='ocrx_word' id='word_1_67' title='bbox 1240 1092 1460 1144; x_wconf 84' lang='lat' dir='ltr'>neceffa-</span> 
     </span>
     <span class='ocr_line' id='line_1_11' title="bbox 170 1187 633 1240; baseline 0.009 -4"><span class='ocrx_word' id='word_1_68' title='bbox 170 1187 246 1238; x_wconf 82' lang='lat' dir='ltr'>ria</span> <span class='ocrx_word' id='word_1_69' title='bbox 291 1188 633 1240; x_wconf 86' lang='lat' dir='ltr'>existimabat.</span> 
     </span>
    </p>

    <p class='ocr_par' dir='ltr' id='par_1_3' title="bbox 156 1279 1457 2751">
     <span class='ocr_line' id='line_1_12' title="bbox 276 1279 1455 1352; baseline -0.001 -22"><span class='ocrx_word' id='word_1_70' title='bbox 276 1279 540 1332; x_wconf 82' lang='lat' dir='ltr'>AVCToR</span> <span class='ocrx_word' id='word_1_71' title='bbox 583 1301 736 1350; x_wconf 89' lang='lat' dir='ltr'>porro</span> <span class='ocrx_word' id='word_1_72' title='bbox 764 1320 777 1341; x_wconf 91' lang='lat'>‚</span> <span class='ocrx_word' id='word_1_73' title='bbox 809 1282 1158 1352; x_wconf 81' lang='lat' dir='ltr'>conflatorque</span> <span class='ocrx_word' id='word_1_74' title='bbox 1181 1281 1318 1331; x_wconf 82' lang='lat' dir='ltr'>istius</span> <span class='ocrx_word' id='word_1_75' title='bbox 1343 1279 1455 1330; x_wconf 87' lang='lat' dir='ltr'>bel-</span> 
     </span>
     <span class='ocr_line' id='line_1_13' title="bbox 162 1369 1452 1444; baseline 0.002 -24"><span class='ocrx_word' id='word_1_76' title='bbox 162 1370 202 1421; x_wconf 89' lang='lat' dir='ltr'>li</span> <span class='ocrx_word' id='word_1_77' title='bbox 228 1369 391 1424; x_wconf 86' lang='lat' dir='ltr'>Coius</span> <span class='ocrx_word' id='word_1_78' title='bbox 417 1373 671 1444; x_wconf 88' lang='lat' dir='ltr'>Sopharus</span> <span class='ocrx_word' id='word_1_79' title='bbox 700 1374 798 1426; x_wconf 87' lang='lat' dir='ltr'>fuit</span> <span class='ocrx_word' id='word_1_80' title='bbox 821 1376 1006 1437; x_wconf 82' lang='lat' dir='ltr'>,homo</span> <span class='ocrx_word' id='word_1_81' title='bbox 1034 1376 1243 1425; x_wconf 86' lang='lat' dir='ltr'>natione</span> <span class='ocrx_word' id='word_1_82' title='bbox 1268 1371 1452 1430; x_wconf 88' lang='lat' dir='ltr'>Italus,</span> 
     </span>
     <span class='ocr_line' id='line_1_14' title="bbox 164 1463 1457 1536; baseline 0.005 -23"><span class='ocrx_word' id='word_1_83' title='bbox 164 1463 249 1514; x_wconf 90' lang='lat' dir='ltr'>sed</span> <span class='ocrx_word' id='word_1_84' title='bbox 299 1467 386 1534; x_wconf 90' lang='lat' dir='ltr'>qui</span> <span class='ocrx_word' id='word_1_85' title='bbox 411 1505 426 1526; x_wconf 79' lang='lat'><em>,</em></span> <span class='ocrx_word' id='word_1_86' title='bbox 477 1467 642 1536; x_wconf 81' lang='lat' dir='ltr'>spreto</span> <span class='ocrx_word' id='word_1_87' title='bbox 683 1467 959 1520; x_wconf 83' lang='lat' dir='ltr'>Christiani</span> <span class='ocrx_word' id='word_1_88' title='bbox 1018 1468 1244 1520; x_wconf 84' lang='lat' dir='ltr'>nominis</span> <span class='ocrx_word' id='word_1_89' title='bbox 1292 1467 1457 1520; x_wconf 75' lang='lat' dir='ltr'>sacra-</span> 
     </span>
     <span class='ocr_line' id='line_1_15' title="bbox 163 1557 1454 1621; baseline 0.006 -17"><span class='ocrx_word' id='word_1_90' title='bbox 163 1571 341 1606; x_wconf 85' lang='lat' dir='ltr'>mento</span> <span class='ocrx_word' id='word_1_91' title='bbox 377 1595 390 1616; x_wconf 88' lang='lat'><em>,</em></span> <span class='ocrx_word' id='word_1_92' title='bbox 432 1557 809 1612; x_wconf 80' lang='lat' dir='ltr'>Malmmeticae</span> <span class='ocrx_word' id='word_1_93' title='bbox 860 1563 1006 1614; x_wconf 63' lang='lat' dir='ltr'>sefiae</span> <span class='ocrx_word' id='word_1_94' title='bbox 1052 1563 1100 1613; x_wconf 91' lang='lat' dir='ltr'>se</span> <span class='ocrx_word' id='word_1_95' title='bbox 1147 1563 1409 1614; x_wconf 79' lang='lat' dir='ltr'>addixerat</span> <span class='ocrx_word' id='word_1_96' title='bbox 1438 1600 1454 1621; x_wconf 92' lang='lat'><em>,</em></span> 
     </span>
     <span class='ocr_line' id='line_1_16' title="bbox 159 1647 1450 1729; baseline 0.008 -33"><span class='ocrx_word' id='word_1_97' title='bbox 159 1647 265 1700; x_wconf 82' lang='lat' dir='ltr'>dux</span> <span class='ocrx_word' id='word_1_98' title='bbox 290 1663 558 1703; x_wconf 86' lang='lat' dir='ltr'>veteranus</span> <span class='ocrx_word' id='word_1_99' title='bbox 590 1692 603 1713; x_wconf 89' lang='lat'>‚</span> <span class='ocrx_word' id='word_1_100' title='bbox 649 1674 705 1706; x_wconf 86' lang='lat' dir='ltr'>ac</span> <span class='ocrx_word' id='word_1_101' title='bbox 734 1659 787 1708; x_wconf 91' lang='lat' dir='ltr'>in</span> <span class='ocrx_word' id='word_1_102' title='bbox 812 1659 994 1727; x_wconf 85' lang='lat' dir='ltr'>primis</span> <span class='ocrx_word' id='word_1_103' title='bbox 1037 1659 1158 1708; x_wconf 85' lang='lat' dir='ltr'>belli</span> <span class='ocrx_word' id='word_1_104' title='bbox 1209 1658 1403 1729; x_wconf 88' lang='lat' dir='ltr'>peritus</span> <span class='ocrx_word' id='word_1_105' title='bbox 1434 1695 1450 1716; x_wconf 90' lang='lat'><em>‚</em></span> 
     </span>
     <span class='ocr_line' id='line_1_17' title="bbox 159 1744 1450 1822; baseline 0.006 -30"><span class='ocrx_word' id='word_1_106' title='bbox 159 1744 373 1796; x_wconf 73' lang='lat' dir='ltr'>consilio</span> <span class='ocrx_word' id='word_1_107' title='bbox 394 1765 652 1818; x_wconf 85' lang='lat' dir='ltr'>manuque</span> <span class='ocrx_word' id='word_1_108' title='bbox 679 1766 947 1822; x_wconf 79' lang='lat' dir='ltr'>promptus</span> <span class='ocrx_word' id='word_1_109' title='bbox 970 1793 983 1813; x_wconf 87' lang='lat'><em>,</em></span> <span class='ocrx_word' id='word_1_110' title='bbox 1034 1754 1178 1805; x_wconf 83' lang='lat' dir='ltr'>cuius</span> <span class='ocrx_word' id='word_1_111' title='bbox 1222 1751 1450 1803; x_wconf 84' lang='lat' dir='ltr'>mentio-</span> 
     </span>
     <span class='ocr_line' id='line_1_18' title="bbox 160 1837 1453 1914; baseline 0.005 -31"><span class='ocrx_word' id='word_1_112' title='bbox 160 1851 282 1885; x_wconf 87' lang='lat' dir='ltr'>nem</span> <span class='ocrx_word' id='word_1_113' title='bbox 324 1837 377 1886; x_wconf 90' lang='lat' dir='ltr'>in</span> <span class='ocrx_word' id='word_1_114' title='bbox 407 1837 651 1905; x_wconf 84' lang='lat' dir='ltr'>superiori</span> <span class='ocrx_word' id='word_1_115' title='bbox 680 1847 1064 1914; x_wconf 78' lang='lat' dir='ltr'>oppugnatione</span> <span class='ocrx_word' id='word_1_116' title='bbox 1113 1844 1292 1897; x_wconf 83' lang='lat' dir='ltr'>Dienfi</span> <span class='ocrx_word' id='word_1_117' title='bbox 1323 1843 1453 1892; x_wconf 88' lang='lat' dir='ltr'>feci-</span> 
     </span>
     <span class='ocr_line' id='line_1_19' title="bbox 160 1926 1449 1987; baseline 0.009 -12"><span class='ocrx_word' id='word_1_118' title='bbox 160 1943 298 1977; x_wconf 87' lang='lat' dir='ltr'>mus.</span> <span class='ocrx_word' id='word_1_119' title='bbox 344 1926 448 1977; x_wconf 81' lang='lat' dir='ltr'>Hic</span> <span class='ocrx_word' id='word_1_120' title='bbox 488 1931 861 1986; x_wconf 86' lang='lat' dir='ltr'>adolescentem</span> <span class='ocrx_word' id='word_1_121' title='bbox 906 1937 1247 1987; x_wconf 87' lang='lat' dir='ltr'>Mamudium</span> <span class='ocrx_word' id='word_1_122' title='bbox 1279 1934 1449 1987; x_wconf 59' lang='lat' dir='ltr'>Sulta—</span> 
     </span>
     <span class='ocr_line' id='line_1_20' title="bbox 158 2022 1449 2097; baseline 0.009 -29"><span class='ocrx_word' id='word_1_123' title='bbox 158 2035 285 2069; x_wconf 89' lang='lat' dir='ltr'>num</span> <span class='ocrx_word' id='word_1_124' title='bbox 313 2022 375 2072; x_wconf 91' lang='lat' dir='ltr'>ad</span> <span class='ocrx_word' id='word_1_125' title='bbox 401 2042 542 2075; x_wconf 90' lang='lat' dir='ltr'>arma</span> <span class='ocrx_word' id='word_1_126' title='bbox 569 2026 801 2097; x_wconf 83' lang='lat' dir='ltr'>instigare</span> <span class='ocrx_word' id='word_1_127' title='bbox 832 2069 845 2089; x_wconf 92' lang='lat'><em>,</em></span> <span class='ocrx_word' id='word_1_128' title='bbox 895 2032 1172 2082; x_wconf 49' lang='lat' dir='ltr'>neofinere</span> <span class='ocrx_word' id='word_1_129' title='bbox 1201 2031 1309 2080; x_wconf 86' lang='lat' dir='ltr'>eius</span> <span class='ocrx_word' id='word_1_130' title='bbox 1337 2028 1449 2079; x_wconf 88' lang='lat' dir='ltr'>ani-</span> 
     </span>
     <span class='ocr_line' id='line_1_21' title="bbox 160 2125 1447 2179; baseline 0.008 -14"><span class='ocrx_word' id='word_1_131' title='bbox 160 2132 310 2167; x_wconf 89' lang='lat' dir='ltr'>mum</span> <span class='ocrx_word' id='word_1_132' title='bbox 342 2157 356 2178; x_wconf 92' lang='lat'>,</span> <span class='ocrx_word' id='word_1_133' title='bbox 395 2140 423 2171; x_wconf 89' lang='lat' dir='ltr'>a</span> <span class='ocrx_word' id='word_1_134' title='bbox 449 2128 944 2179; x_wconf 80' lang='lat' dir='ltr'>commemoratione</span> <span class='ocrx_word' id='word_1_135' title='bbox 992 2129 1142 2179; x_wconf 86' lang='lat' dir='ltr'>occifi</span> <span class='ocrx_word' id='word_1_136' title='bbox 1187 2128 1248 2177; x_wconf 89' lang='lat' dir='ltr'>ad</span> <span class='ocrx_word' id='word_1_137' title='bbox 1277 2125 1447 2176; x_wconf 86' lang='lat' dir='ltr'>Dium</span> 
     </span>
     <span class='ocr_line' id='line_1_22' title="bbox 156 2213 1447 2286; baseline 0.011 -28"><span class='ocrx_word' id='word_1_138' title='bbox 156 2213 445 2273; x_wconf 86' lang='lat' dir='ltr'>auunculi,</span> <span class='ocrx_word' id='word_1_139' title='bbox 490 2217 838 2286; x_wconf 86' lang='lat' dir='ltr'>conquiscere.</span> <span class='ocrx_word' id='word_1_140' title='bbox 886 2219 1008 2271; x_wconf 86' lang='lat' dir='ltr'>Fuit</span> <span class='ocrx_word' id='word_1_141' title='bbox 1032 2235 1202 2271; x_wconf 89' lang='lat' dir='ltr'>autem</span> <span class='ocrx_word' id='word_1_142' title='bbox 1251 2220 1295 2271; x_wconf 88' lang='lat' dir='ltr'>is</span> <span class='ocrx_word' id='word_1_143' title='bbox 1346 2218 1447 2270; x_wconf 88' lang='lat' dir='ltr'>Ba-</span> 
     </span>
     <span class='ocr_line' id='line_1_23' title="bbox 158 2301 1445 2375; baseline 0.01 -26"><span class='ocrx_word' id='word_1_144' title='bbox 158 2301 253 2351; x_wconf 91' lang='lat' dir='ltr'>dur</span> <span class='ocrx_word' id='word_1_145' title='bbox 307 2302 596 2375; x_wconf 90' lang='lat' dir='ltr'>Imperator</span> <span class='ocrx_word' id='word_1_146' title='bbox 645 2309 931 2364; x_wconf 78' lang='lat' dir='ltr'>Cambaiae.</span> <span class='ocrx_word' id='word_1_147' title='bbox 976 2315 1106 2366; x_wconf 66' lang='lat' dir='ltr'>Non</span> <span class='ocrx_word' id='word_1_148' title='bbox 1134 2315 1315 2365; x_wconf 88' lang='lat' dir='ltr'>debere</span> <span class='ocrx_word' id='word_1_149' title='bbox 1334 2312 1445 2363; x_wconf 83' lang='lat' dir='ltr'>eius</span> 
     </span>
     <span class='ocr_line' id='line_1_24' title="bbox 160 2396 1444 2473; baseline 0.013 -32"><span class='ocrx_word' id='word_1_150' title='bbox 160 2409 340 2445; x_wconf 89' lang='lat' dir='ltr'>manes</span> <span class='ocrx_word' id='word_1_151' title='bbox 369 2396 563 2449; x_wconf 83' lang='lat' dir='ltr'>inultos</span> <span class='ocrx_word' id='word_1_152' title='bbox 590 2403 810 2473; x_wconf 87' lang='lat' dir='ltr'>relinqui</span> <span class='ocrx_word' id='word_1_153' title='bbox 842 2443 855 2464; x_wconf 89' lang='lat'><em>,</em></span> <span class='ocrx_word' id='word_1_154' title='bbox 903 2406 952 2456; x_wconf 87' lang='lat'>&amp;</span> <span class='ocrx_word' id='word_1_155' title='bbox 978 2405 1087 2455; x_wconf 85' lang='lat' dir='ltr'>eius</span> <span class='ocrx_word' id='word_1_156' title='bbox 1140 2404 1156 2473; x_wconf 90' lang='lat'><strong>(</strong></span> <span class='ocrx_word' id='word_1_157' title='bbox 1183 2407 1313 2456; x_wconf 91' lang='lat' dir='ltr'>vnde</span> <span class='ocrx_word' id='word_1_158' title='bbox 1363 2419 1444 2452; x_wconf 76' lang='lat' dir='ltr'>re-</span> 
     </span>
     <span class='ocr_line' id='line_1_25' title="bbox 157 2493 1443 2566; baseline 0.003 -31"><span class='ocrx_word' id='word_1_159' title='bbox 157 2504 319 2555; x_wconf 82' lang='lat' dir='ltr'>gnum</span> <span class='ocrx_word' id='word_1_160' title='bbox 346 2507 609 2560; x_wconf 81' lang='lat' dir='ltr'>acceperat</span> <span class='ocrx_word' id='word_1_161' title='bbox 634 2493 650 2560; x_wconf 63' lang='grc'><em>3</em></span> <span class='ocrx_word' id='word_1_162' title='bbox 697 2509 921 2547; x_wconf 89' lang='lat' dir='ltr'>mortem</span> <span class='ocrx_word' id='word_1_163' title='bbox 948 2496 1140 2566; x_wconf 82' lang='lat' dir='ltr'>negligi</span> <span class='ocrx_word' id='word_1_164' title='bbox 1174 2516 1187 2558; x_wconf 78' lang='lat'><em>3</em></span> <span class='ocrx_word' id='word_1_165' title='bbox 1217 2494 1443 2564; x_wconf 68' lang='lat' dir='ltr'>pertine-</span> 
     </span>
     <span class='ocr_line' id='line_1_26' title="bbox 157 2578 1440 2655; baseline 0.003 -27"><span class='ocrx_word' id='word_1_166' title='bbox 157 2594 211 2628; x_wconf 84' lang='lat' dir='ltr'>re</span> <span class='ocrx_word' id='word_1_167' title='bbox 238 2578 288 2629; x_wconf 91' lang='lat' dir='ltr'>id</span> <span class='ocrx_word' id='word_1_168' title='bbox 311 2587 371 2631; x_wconf 89' lang='lat' dir='ltr'>ad</span> <span class='ocrx_word' id='word_1_169' title='bbox 411 2583 563 2653; x_wconf 79' lang='lat' dir='ltr'>ipsius</span> <span class='ocrx_word' id='word_1_170' title='bbox 594 2586 933 2655; x_wconf 86' lang='lat' dir='ltr'>ignominiam</span> <span class='ocrx_word' id='word_1_171' title='bbox 959 2627 972 2647; x_wconf 89' lang='lat'><em>,</em></span> <span class='ocrx_word' id='word_1_172' title='bbox 1013 2589 1063 2638; x_wconf 84' lang='lat'>&amp;</span> <span class='ocrx_word' id='word_1_173' title='bbox 1111 2587 1323 2638; x_wconf 72' lang='lat' dir='ltr'>familia:</span> <span class='ocrx_word' id='word_1_174' title='bbox 1350 2585 1440 2633; x_wconf 91' lang='lat' dir='ltr'>de-</span> 
     </span>
     <span class='ocr_line' id='line_1_27' title="bbox 158 2672 1438 2751; baseline 0.002 -27"><span class='ocrx_word' id='word_1_175' title='bbox 158 2672 312 2728; x_wconf 88' lang='lat' dir='ltr'>decus</span> <span class='ocrx_word' id='word_1_176' title='bbox 336 2714 352 2736; x_wconf 87' lang='lat'><em>,</em></span> <span class='ocrx_word' id='word_1_177' title='bbox 377 2694 439 2730; x_wconf 87' lang='lat' dir='ltr'>ac</span> <span class='ocrx_word' id='word_1_178' title='bbox 467 2680 623 2732; x_wconf 86' lang='lat' dir='ltr'>totius</span> <span class='ocrx_word' id='word_1_179' title='bbox 647 2682 815 2751; x_wconf 84' lang='lat' dir='ltr'>gentis</span> <span class='ocrx_word' id='word_1_180' title='bbox 854 2681 1127 2736; x_wconf 82' lang='lat' dir='ltr'>infamiam</span> <span class='ocrx_word' id='word_1_181' title='bbox 1161 2702 1175 2747; x_wconf 83' lang='lat'>3</span> <span class='ocrx_word' id='word_1_182' title='bbox 1198 2680 1438 2749; x_wconf 81' lang='lat' dir='ltr'>exiguam</span> 
     </span>
    </p>

    <p class='ocr_par' dir='ltr' id='par_1_4' title="bbox 1289 2790 1398 2824">
     <span class='ocr_line' id='line_1_28' title="bbox 1289 2790 1398 2824; baseline 0 -1"><span class='ocrx_word' id='word_1_183' title='bbox 1289 2790 1398 2824; x_wconf 86' lang='lat' dir='ltr'>ma-</span> 
     </span>
    </p>
   </div>
  </div>
 </body>
</html>
