1965 3256
545 224 645 278 142
859 225 1140 265 DAMIANI
1184 226 1225 262 A
1255 195 1403 264 doris

506 331 714 402 (liuntur
740 365 753 389 ,
783 332 868 400 qui
921 350 1098 383 omnes
1143 331 1388 385 Geniceri
1417 367 1430 389 ,
1476 329 1525 381 &
1551 329 1770 380 veterani

504 401 696 472 iriilites
721 422 910 474 Turcae
932 421 981 475 &
1001 424 1143 492 regni
1173 421 1434 474 Cambaiae
1463 435 1602 471 erant
1632 461 1643 480 ,
1675 441 1770 470 uu-

503 530 647 563 mero
673 531 791 564 vero
825 516 953 565 vltra
1005 513 1089 565 sex
1116 514 1277 564 millia
1303 551 1316 572 ‚
1345 514 1397 564 in
1423 513 1605 581 quibus
1651 513 1769 562 reli«

498 618 665 670 quum
692 601 792 672 spei
828 604 956 654 arcis
983 605 1332 672 expugnanda:
1359 602 1637 672 reposuerat
1680 602 1772 652 Su-

502 694 745 745 limanus.
816 695 943 745 Dux
980 693 1239 746 Antonius
1291 712 1320 744 a
1372 693 1596 763 Sylueira
1618 731 1633 754 ‚
1683 694 1770 760 qui

502 790 744 840 omnibus
807 790 935 839 arcis
994 789 1190 858 angulis
1242 789 1416 856 praesto
1453 803 1556 840 erat
1581 827 1594 847 ,
1633 789 1729 838 huc
1757 825 1771 847 ,

501 877 625 929 illuc
652 880 832 948 viginti
876 894 1074 930 tantum
1125 880 1377 931 militibus
1423 880 1774 948 circumstipa-

503 984 585 1021 tus
614 1008 627 1029 ‚
673 974 811 1022 audit
853 972 1014 1022 hostes
1041 991 1143 1022 non
1190 972 1355 1021 solum
1381 991 1547 1022 arcem
1570 972 1770 1041 aggres-

502 1063 581 1113 sos
610 1101 621 1123 ‚
650 1082 826 1113 verum
875 1066 1031 1113 etiam
1060 1082 1230 1113 muros
1253 1101 1264 1122 ‚
1308 1077 1456 1130 atque
1501 1065 1650 1113 turris
1689 1083 1768 1113 re-

502 1154 686 1222 pagula
717 1150 981 1221 super-affe,
1007 1171 1068 1202 eo
1093 1153 1216 1201 dum
1242 1152 1383 1204 omni
1411 1154 1668 1203 celeritate
1698 1152 1774 1204 fe-

503 1246 650 1297 stinat
679 1285 692 1306 ,
731 1247 844 1297 suos
877 1285 890 1305 ‚
948 1263 1100 1314 atque
1145 1236 1310 1295 hostes⁴
1352 1245 1641 1315 promiscue
1670 1265 1772 1300 non

503 1339 650 1409 super
675 1342 901 1399 moenia,
948 1338 1029 1389 sed
1082 1339 1134 1388 in
1174 1335 1278 1404 ipsa
1305 1339 1434 1388 arcis
1479 1358 1591 1390 area
1617 1342 1774 1392 dimi-

506 1442 678 1479 cantes
708 1466 721 1487 ‚
761 1429 839 1479 vel
889 1429 1060 1497 potius
1104 1425 1471 1477 tumultuantes
1498 1465 1510 1486 ,
1549 1446 1631 1480 aut
1678 1430 1775 1481 flu-

507 1526 738 1576 {luantes
781 1525 997 1574 inuenit.
1043 1523 1166 1592 Qio
1215 1526 1322 1577 viso
1342 1563 1354 1584 ,
1403 1525 1564 1575 elatus
1614 1525 1774 1575 animi

505 1616 858 1683 magnitudine
879 1652 891 1672 ‚
946 1632 1067 1664 voce
1095 1615 1296 1666 sublimi
1329 1654 1342 1674 ,
1386 1618 1553 1684 inquit
1583 1636 1594 1665 :
1651 1614 1770 1665 Mei

508 1703 785 1755 Christiani
811 1743 824 1764 ,
861 1705 1191 1774 Lusitanique
1221 1707 1409 1757 milites
1434 1745 1446 1765 ,
1486 1723 1772 1755 memento-

508 1812 557 1849 te
579 1797 692 1847 fidei
717 1836 729 1856 ,
758 1799 930 1866 patriae
954 1836 966 1856 ‚
990 1810 1257 1865 parentum
1283 1837 1295 1857 ,
1326 1815 1633 1864 mecumque
1660 1814 1774 1846 cor·

505 1909 629 1959 pora
656 1889 804 1940 instar
829 1903 1110 1956 martyrum
1157 1891 1437 1940 constanter
1476 1890 1666 1958 pergite
1696 1888 1769 1938 sa·-

505 1983 750 2034 crificare.
796 1981 895 2032 His
919 1982 1070 2032 diffis
1105 2020 1118 2041 ‚
1159 1983 1313 2032 veluti
1364 1982 1444 2032 leo
1472 2000 1556 2032 ore
1599 1998 1774 2032 cruore

506 2076 658 2143 pleno
679 2112 692 2131 ,
722 2074 917 2124 vibrato
944 2072 1058 2123 ense
1090 2111 1102 2132 ‚
1151 2075 1202 2123 in
1231 2073 1461 2124 medium
1488 2085 1700 2123 cateruae
1725 2070 1772 2120 se

505 2169 760 2235 protrudit
779 2206 790 2226 ,
845 2169 942 2218 huc
968 2167 1194 2236 illucque
1221 2167 1314 2217 iter
1341 2167 1567 2236 aperiens
1597 2202 1610 2224 ,
1635 2163 1772 2213 suos-

504 2278 600 2327 que
623 2260 776 2308 veluti
802 2277 922 2309 oues
965 2278 1029 2308 ex
1054 2258 1286 2311 faucibus
1335 2259 1577 2326 luporum
1616 2254 1771 2321 eripi-

501 2372 590 2403 ens
615 2390 628 2410 ,
678 2352 840 2402 hostes
870 2392 883 2411 ,
942 2366 1183 2421 tanquam
1225 2354 1381 2421 pilam
1413 2389 1428 2411 ‚
1481 2368 1578 2409 eo,
1639 2349 1771 2398 vnde

500 2457 740 2499 venerant
770 2485 780 2503 ,
812 2447 951 2497 breui
999 2450 1242 2514 temporis
1270 2448 1437 2515 spacio
1457 2443 1651 2499 reiecit.
1682 2441 1774 2491 In-

501 2544 649 2594 terim
692 2560 720 2590 a
746 2551 885 2607 parte
919 2537 1106 2588 litorali
1156 2538 1424 2588 tormentis
1467 2534 1642 2585 nostris
1670 2543 1770 2580 tres

500 2638 731 2687 triremes
761 2642 1053 2684 euertuntur
1082 2667 1096 2688 ‚
1145 2630 1393 2698 vniusque
1414 2627 1600 2698 puppis
1642 2638 1770 2674 con·-

1539 2713 1736 2784 fringil-
