1965 3223
619 209 730 275 ⁰324
962 216 1249 256 υΑΜιΑΝι
1280 219 1319 255 A
1349 218 1497 256 cons

580 326 774 394 regiam
799 321 1051 391 legionem
1078 323 1306 374 attribuit
1338 362 1350 383 ,
1379 325 1427 375 δε
1455 323 1575 374 belli
1623 339 1718 374 vna
1745 337 1865 378 cum

577 412 806 482 Sopharo
828 413 1089 480 negotium
1118 412 1390 463 commitit.
1434 412 1547 463 Post
1573 411 1726 480 Regis
1755 411 1857 462 dis-

581 507 762 557 ceffum
789 542 802 563 ,
841 503 1063 554 hostibus
1103 504 1264 553 adbuc
1315 505 1367 553 in
1393 503 1642 554 continuo
1683 504 1872 553 labore'

576 598 1011 670 perseuerantibus
1037 634 1050 655 ,
1099 597 1369 666 globorum
1422 597 1698 646 assiduitate
1783 596 1860 647 D.

581 693 813 746 Thcmae
855 687 1163 756 Ioannisque
1207 703 1366 740 turres
1393 706 1489 738 vna
1530 707 1646 739 cum
1695 686 1862 738 meso-

573 781 756 856 pyrgio
804 791 1116 828 euertuntur.
1162 776 1326 829 Cuius
1381 780 1534 829 molis
1586 780 1851 830 ruderibtss

575 875 695 926 fossa
721 875 973 942 oppletur.
1029 871 1092 921 In
1130 890 1190 921 eo
1222 874 1354 922 vallo
1383 875 1399 941 (
1427 873 1571 923 cuius
1609 889 1724 924 ante
1751 892 1863 923 me-

573 965 823 1016 minimus
853 959 869 1026 )
912 960 1062 1009 turris
1087 960 1414 1027 vndequaque
1446 963 1667 1012 cratibus
1696 964 1855 1013 vimi·

572 1057 683 1108 neis
711 1051 1025 1118 circunsepta
1055 1091 1067 1111 ,
1115 1051 1251 1101 intus
1278 1051 1482 1118 oppleta
1526 1052 1656 1102 saxis
1679 1055 1727 1102 ἃ
1755 1054 1860 1103 ces·

570 1147 764 1218 pitibus
800 1182 814 1204 ,
862 1145 878 1212 (
907 1143 1140 1194 nonnulli
1185 1143 1419 1193 frondeas
1448 1181 1464 1202 ,
1508 1144 1595 1194 alii
1642 1145 1861 1195 corbitae

568 1237 781 1287 vallares
829 1235 1085 1304 appellant
1111 1231 1127 1301 )
1179 1236 1240 1285 ab
1268 1235 1492 1285 hostibus
1544 1237 1597 1287 in
1643 1234 1860 1287 sublime

566 1328 820 1378 educitur.
866 1324 1017 1376 Hanc
1046 1325 1188 1375 iuxta
1214 1326 1343 1376 arcis
1377 1326 1553 1377 foffam
1579 1344 1636 1377 ea
1655 1327 1857 1395 erigunt

566 1421 922 1492 magnitudine
947 1421 997 1472 δε
1023 1421 1292 1472 altitudine
1316 1459 1330 1481 ,
1382 1434 1435 1472 vt
1486 1422 1642 1473 libere
1671 1459 1685 1481 ‚
1733 1421 1856 1489 quid

564 1515 703 1566 intus
751 1525 980 1581 ageretur
1009 1549 1022 1570 ,
1076 1511 1446 1582 conspicerent.
1496 1511 1855 1581 Qzamobrem

563 1602 748 1658 nullibi
776 1602 953 1652 nostris
974 1615 1085 1651 tuto
1113 1602 1372 1653 consistere
1405 1615 1491 1652 aut
1517 1602 1696 1653 versari
1726 1603 1850 1653 lice-

561 1696 668 1745 bat.
702 1693 804 1744 Cui
832 1693 1138 1742 detrimento
1167 1691 1523 1760 NIascaregnas
1570 1704 1622 1740 vt
1649 1688 1852 1740 succur-

560 1798 692 1837 reret
715 1822 728 1843 ,
756 1798 867 1834 tum
895 1783 1031 1850 quod
1075 1788 1141 1832 ob
1170 1782 1302 1833 foffae
1331 1782 1731 1852 profunditatem
1758 1800 1850 1831 cu-

559 1877 747 1930 niculis
770 1878 1008 1946 obrepere
1045 1913 1059 1935 ,
1099 1875 1443 1946 suffodereque
1482 1894 1594 1926 eam
1624 1893 1725 1925 non
1755 1893 1849 1944 po-

563 1986 714 2035 terat3
740 1985 851 2021 tum
878 1970 1034 2021 etiam
1059 1971 1195 2038 quod
1216 1971 1331 2021 saxa
1350 1970 1594 2038 rupesque
1619 2009 1631 2029 ,
1654 1970 1706 2019 in
1734 1970 1850 2038 qui-

559 2063 654 2112 bus
681 2060 769 2110 illa
795 2059 924 2109 arcis
950 2078 1062 2129 pars
1083 2059 1315 2109 extruEta
1338 2057 1404 2108 est
1430 2096 1442 2117 ,
1472 2058 1844 2126 impediebant:

558 2151 833 2204 introrsum
863 2149 934 2218 (vt
958 2150 1101 2200 locus
1134 2145 1440 2217 patiebatur)
1467 2148 1764 2198 turriculam
1783 2150 1849 2199 ad

558 2257 673 2291 eam
699 2238 1022 2288 altitudinem
1055 2239 1272 2289 aedificat
1300 2275 1315 2297 ,
1365 2257 1465 2307 qua
1490 2237 1706 2289 hostium
1734 2251 1848 2288 tur-

559 2336 659 2388 rim
700 2330 847 2380 nostri
876 2332 1192 2383 manualium
1237 2333 1633 2384 bombat-darum
1677 2333 1845 2403 globis

559 2422 831 2475 commode
859 2421 1193 2488 impetebant.
1235 2423 1363 2474 Inde
1390 2437 1634 2492 vtranque
1661 2427 1840 2475 turrim

559 2514 712 2566 nostri
735 2531 841 2581 qua.
856 2524 1086 2580 poterant
1107 2513 1293 2564 virtute
1312 2514 1670 2568 defendebant.
1699 2514 1843 2566 Huic

557 2607 813 2661 turriculae
862 2601 1153 2659 Antonium
1202 2603 1499 2659 Pezannam
1555 2616 1842 2658 curatorem

1720 2689 1818 2751 effe
