1998 3256
523 297 560 352 6
883 306 1164 349 DAmAxr
1210 312 1247 348 A
1297 311 1439 351 Gor-:s

524 442 657 475 nunc
686 421 1030 475 huiuscemodi
1057 423 1440 492 nauigatio-nem
1467 424 1773 488 existimem,

523 539 678 588 quam
714 521 746 570 fi
775 521 825 569 in
856 520 1137 570 Britaniam
1167 557 1181 579 ,
1211 532 1295 569 aut
1317 519 1369 569 in
1393 518 1649 588 Belgicam
1671 560 1684 581 ‚
1714 538 1776 571 ex

525 610 785 664 Lusitania
813 630 900 680 per
924 609 1193 663 Oceanum
1239 615 1334 665 iter
1354 613 1595 664 facerent.
1639 614 1778 665 Huic

522 722 639 755 vero
675 717 878 771 repertae
905 703 1061 755 fronti
1091 741 1106 764 ,
1145 718 1198 757 vt
1225 705 1286 756 ad
1315 705 1574 773 inceptum
1605 706 1775 755 redea-

524 814 638 846 mus
663 835 675 855 ,
730 797 794 845 ob
821 813 928 845 rem
950 795 1249 864 insperatam
1282 833 1294 854 ,
1334 794 1445 845 Rex
1469 797 1605 847 idem
1631 795 1786 846 Bonae

525 887 627 955 spei
654 900 802 955 eaput
831 905 1019 938 nomen
1048 888 1230 938 indidit
1255 908 1266 938 :
1297 888 1549 956 reliquum
1577 889 1679 938 iam
1708 888 1788 937 in-

523 979 583 1026 de
633 975 905 1028 Oceanum
968 977 1207 1031 Indicum
1253 979 1523 1048 nauigandi
1569 976 1790 1029 occaslo-

529 1088 649 1120 nem
702 1069 991 1122 faciliorem
1042 1071 1131 1122 fibi
1166 1073 1391 1123 oblatam
1431 1073 1522 1122 effe
1570 1070 1788 1140 sperans.

527 1160 773 1214 Ceterum
801 1182 953 1215 naues
1007 1166 1109 1216 illae
1152 1166 1335 1233 quibus
1362 1165 1796 1214 Bartholomaeum

533 1255 648 1305 Rex
677 1255 971 1324 praefecerat
994 1291 1006 1312 ‚
1049 1255 1226 1304 multis
1269 1253 1460 1304 casibus
1492 1292 1504 1312 ,
1552 1251 1796 1304 aduerfis-

523 1361 621 1411 que
649 1341 1031 1410 tempestatibus
1066 1344 1286 1396 difiefi’oee
1317 1384 1330 1405 ,
1355 1344 1467 1413 ipso
1495 1346 1654 1397 Bonae
1687 1345 1794 1415 spei

531 1434 891 1503 promontorio
917 1472 930 1493 ,
953 1447 1004 1485 vt
1031 1447 1179 1485 antea
1203 1437 1659 1489 demonstrauimus
1681 1476 1693 1497 ,
1720 1435 1801 1487 su-

541 1541 716 1596 perato
740 1566 752 1586 ‚
795 1527 986 1578 flumen
1019 1529 1371 1599 ingrediuntur
1403 1569 1418 1591 ,
1443 1532 1526 1582 cui
1575 1529 1801 1582 Infantis

533 1619 721 1670 flumen
753 1637 942 1670 nomen
968 1621 1194 1672 inditum
1230 1623 1329 1673 fuit
1358 1661 1371 1683 ‚
1425 1644 1485 1674 eo
1512 1624 1649 1691 quod
1675 1622 1806 1672 inter

534 1723 722 1760 ceteras
769 1729 922 1762 naues
959 1730 1059 1762 una
1085 1750 1098 1771 ‚
1140 1712 1221 1762 cui
1249 1712 1362 1762 Rex
1398 1712 1606 1782 Lupum
1635 1712 1806 1762 infan-

535 1813 641 1851 tem
668 1803 837 1854 virum
890 1803 1183 1855 Lusitanum
1211 1805 1502 1875 praefecerat
1530 1843 1543 1864 ‚
1572 1803 1809 1855 omnimn

534 1904 704 1974 prima
738 1900 799 1948 ad
842 1899 1072 1950 fluminis
1120 1901 1286 1969 ripam
1329 1896 1502 1967 apulsa
1547 1897 1626 1949 fit.
1677 1896 1808 1949 Inde

535 2013 652 2048 vero
701 1992 910 2042 viterius
956 1992 1189 2061 progredi
1227 1989 1446 2041 minime
1494 2002 1664 2041 tutum
1713 1991 1808 2041 effe

537 2091 790 2140 duxerunt
824 2123 836 2143 ‚
874 2100 1140 2154 propterea
1163 2123 1177 2145 ,
1223 2084 1357 2153 quod
1406 2084 1461 2134 in
1494 2095 1631 2134 tanta
1660 2083 1813 2133 maris

522 2177 763 2230 *vastitate
794 2213 806 2234 ,
838 2175 1134 2244 itinerisque
1163 2178 1211 2226 &
1241 2176 1486 2246 temporis
1527 2175 1814 2239 intercape—

538 2269 659 2320 dine
693 2305 705 2325 ,
750 2278 955 2336 gentem
983 2267 1176 2317 nullam
1207 2267 1494 2337 reperiffent
1525 2303 1538 2324 ‚
1574 2283 1683 2334 quae
1706 2277 1818 2313 tum
1884 2279 1887 2282 ’

539 2363 756 2414 nauibus
799 2373 1030 2411 vteretur
1053 2397 1066 2419 ,
1112 2362 1258 2411 veriti
1289 2381 1351 2412 ne
1386 2363 1418 2413 s1
1447 2362 1652 2432 longius
1697 2376 1818 2427 pro-

542 2455 776 2506 cederent
802 2491 813 2511 ,
852 2471 956 2503 non
1009 2451 1170 2503 Indos
1211 2491 1224 2512 ,
1255 2471 1415 2522 genus
1441 2455 1679 2504 hominm
1709 2449 1821 2500 sua-

542 2561 628 2618 pte
670 2560 847 2597 natura
882 2544 1207 2595 cuitiffimum
1234 2581 1247 2602 ,
1288 2562 1346 2594 ac
1398 2544 1773 2596 disertiffimum
1803 2575 1818 2596 ‚

542 2639 625 2691 sed
675 2638 797 2688 alias
833 2637 1062 2686 nationes
1090 2673 1103 2693 ‚
1145 2634 1395 2702 terrasque
1443 2636 1678 2685 barbaras
1707 2667 1721 2688 ‚
1763 2646 1822 2678 ac

532 2728 795 2779 ‘immanes
840 2724 1156 2777 offenderent
1184 2763 1199 2786 ‚
1227 2710 1262 2776 ¹a
1287 2725 1470 2794 quibus
1516 2723 1646 2774 forte
1672 2717 1826 2770 etiam

1679 2829 1794 2881 gra·
1849 2874 1854 2878 .
