1931 3239
328 219 402 256 mi
437 218 625 256 BELLO
654 220 987 262 cAMBAtco
1018 231 1143 270 SEC.
1295 244 1397 299 307

162 322 507 392 compensari:
557 320 619 375 de
638 328 803 379 milite
830 329 880 380 in
909 334 1154 402 oppidum
1201 340 1433 399 introdu-

158 418 317 468 cendo
363 413 412 479 se·
466 415 599 466 illius
628 418 722 470 iuri
753 440 853 472 non
877 423 1204 491 intercedere,
1232 446 1433 493 tantum

152 515 388 562 caueret,
426 523 488 555 ne
526 507 576 556 id
604 507 691 558 fibi
730 508 1131 586 Christianisque
1172 529 1432 590 pernicio-

146 594 256 647 sum
277 593 413 645 effer.
459 593 707 648 Ceterum
741 616 792 651 vt
844 603 903 653 de
946 620 1175 678 tempore
1203 620 1427 684 constet,

144 689 259 739 aE'ta
307 687 418 739 sunt
483 691 570 742 ista
633 693 720 745 sub
787 697 942 749 finem
999 705 1217 772 Martii,
1270 715 1428 772 Anno

145 797 498 834 MDxxxxVI.
544 784 725 839 Paucae
753 790 907 860 igitur
933 796 1168 854 cohortes
1207 810 1377 875 palam
1408 851 1424 872 ,

144 889 321 926 ceterae
349 877 642 929 clanculum
688 882 738 931 in
767 887 939 939 vrbem
970 891 1262 951 intromiffae
1289 902 1420 955 sunt.

139 965 325 1020 Mense
356 969 521 1037 Aprili
549 975 714 1024 maior
746 980 908 1030 adhuc
936 989 1082 1055 copia
1109 1010 1425 1055 armatorum

138 1054 432 1125 superuenit
455 1100 469 1121 ,
518 1083 736 1134 quorum
784 1071 1012 1141 plerique
1065 1077 1280 1137 Turciei
1335 1113 1425 1162 ge-

136 1150 275 1199 neris
300 1169 460 1208 erant.
506 1156 662 1208 Enim
697 1178 813 1211 vero
857 1164 954 1217 iam
988 1168 1198 1242 Sophari
1249 1185 1424 1241 animo

138 1259 217 1292 res
243 1262 441 1298 matura
468 1249 728 1303 videbatur
757 1292 770 1313 ,
811 1275 973 1329 neque
991 1263 1265 1326 differenda
1289 1281 1417 1332 vlte-

137 1341 243 1391 rius
271 1340 418 1391 initia
465 1345 623 1404 beili,
666 1350 788 1400 dum
836 1355 1024 1409 hiemis
1071 1363 1372 1439 intemperie
1406 1415 1420 1437 ,

138 1452 253 1502 quae
289 1453 378 1502 per
426 1455 484 1486 ea
534 1452 765 1510 tempora
788 1448 1221 1525 sai-*uirefincipin
1279 1466 1419 1520 nulla

134 1525 349 1576 subsidia
398 1526 700 1588 Christianis
755 1557 781 1587 a
825 1542 1041 1616 Prorege
1081 1549 1242 1608 Indiae
1278 1559 1417 1612 sum-

132 1621 272 1671 mitti
311 1623 522 1688 poffent.
592 1628 953 1707 M'ascaregnas
992 1660 1160 1700 autem
1205 1655 1412 1727 (magis

131 1729 192 1763 ac
243 1716 406 1784 magis
456 1717 503 1768 se
556 1726 786 1790 quotidie
838 1736 1095 1801 aperiente
1147 1748 1413 1805 beiloide

130 1807 229 1857 hoc
249 1811 473 1861 tumultu
523 1815 722 1873 summa
767 1828 1023 1884 celeritate
1073 1841 1132 1889 ad
1162 1842 1409 1901 Ioannem

131 1897 431 1953 Castri'tium
461 1905 732 1981 Proregem
765 1918 923 1972 Indiae
949 1926 966 1994 ζ
993 1935 1078 1995 qui
1126 1934 1175 1983 id
1203 1951 1406 2008 tempo-

129 1997 200 2047 ris
227 1996 357 2049 Goae
385 2005 596 2074 agebat)
643 2017 856 2070 nuncios
887 2025 1046 2077 mittit
1077 2068 1089 2088 ,
1132 2046 1183 2083 vt
1211 2054 1404 2107 cogno·

129 2090 286 2144 sceret
310 2133 324 2154 ,
351 2115 452 2165 quo
480 2100 532 2150 in
560 2120 697 2156 metu
718 2128 792 2161 res
820 2118 1101 2174 constitutae
1139 2127 1322 2181 essent:
1354 2132 1403 2183 se

128 2194 305 2232 contra
352 2198 544 2241 tantam
574 2196 676 2246 vim
705 2217 807 2252 non
837 2207 926 2257 nisi
969 2213 1217 2269 ducentos
1247 2225 1402 2290 quin·

123 2271 368 2339 quaginta
406 2280 594 2332 milite<
624 2287 676 2335 in
703 2294 930 2357 praeszdio
960 2299 1159 2360 habere.
1204 2311 1400 2369 Eadem

125 2356 416 2419 indicantur
442 2370 768 2448 Hieronymo
811 2385 1063 2455 M'enesio,
1091 2400 1141 2450 &
1166 2400 1398 2458 Antonio

124 2449 278 2517 Sosae,
308 2460 505 2520 Basaini
527 2473 578 2524 δε
605 2473 811 2533 Chaulii
837 2487 1112 2552 praefecffis.
1147 2496 1397 2551 Liburni-

122 2563 219 2609 cae,
249 2571 361 2621 quae
389 2579 474 2613 eos
493 2566 780 2634 deueheret,
807 2580 865 2629 ad
895 2582 945 2631 id
971 2589 1161 2656 negotii
1187 2597 1397 2660 expedi-

119 2650 184 2693 tae
215 2682 235 2711 ,
254 2649 402 2706 simul
441 2657 496 2710 in
519 2652 769 2720 mandatis
794 2671 969 2725 datum
997 2715 1013 2736 ‚
1056 2696 1105 2730 vt
1132 2698 1394 2738 commea-

1193 2791 1300 2830 tum
1328 2822 1340 2843 ‚
