1965 3256
532 225 637 282 282
923 243 1210 280 nAMrAm
1257 243 1298 279 A
1343 242 1492 280 coes

529 349 623 400 bus
646 360 795 416 atque
815 347 995 417 opibus
1024 348 1273 406 abundat,
1302 347 1350 398 δε
1377 347 1511 415 quod
1548 338 1811 415 singularis

529 439 581 490 &
629 439 900 489 cumulatae
942 438 1200 489 felicitatis
1258 439 1349 489 effe
1390 440 1586 489 videtur
1610 477 1623 497 ,
1676 457 1810 488 nun-

532 548 686 599 quam
718 529 853 578 bello
882 548 908 579 a
937 548 1193 598 quoquam
1239 531 1404 581 vifiius
1427 568 1439 589 ‚
1469 528 1810 598 frequentiffi·

529 640 613 673 me
659 621 849 689 praeliis
899 620 1063 671 vietor
1094 658 1106 678 ‚
1153 623 1355 688 praealta
1380 622 1428 670 δε
1454 620 1672 689 gloriosa
1715 638 1806 688 pa-

532 730 590 762 ce
618 711 909 781 perfruitur.
945 711 991 761 A
1021 712 1229 762 meridie
1265 711 1610 780 Troglodytas
1641 712 1812 767 habet,

526 820 731 875 gentem
762 805 945 855 nudam
971 843 982 862 ,
1039 805 1364 874 nigerrimam
1387 843 1398 864 ,
1426 807 1659 856 omnium
1696 821 1813 871 pro·

530 915 593 967 pe
620 914 786 947 rerum
815 913 924 962 quae
951 896 1011 942 ad
1040 895 1247 944 ciuilem
1282 901 1330 945 &
1349 896 1631 964 elegantem
1656 895 1812 943 vitam

532 988 791 1055 pertinent
817 1022 830 1042 ,
859 985 1035 1033 rudem
1063 984 1288 1050 penitus,
1317 985 1365 1034 &
1390 1003 1601 1052 egenam
1626 1022 1637 1042 ‚
1665 996 1813 1050 vtpo-

530 1091 581 1127 te
604 1093 714 1145 quae
740 1074 793 1122 in
819 1073 1022 1124 aestuosa
1063 1075 1110 1123 &
1154 1075 1395 1124 retorrida
1436 1076 1640 1143 regione
1682 1074 1812 1125 ni'nil

531 1174 635 1225 fere
655 1188 681 1218 a
708 1166 834 1227 solo,
856 1167 1042 1218 caelove
1068 1165 1397 1234 benignitatis
1425 1162 1815 1233 consequantur.

541 1260 673 1314 Haec
699 1271 825 1325 gens
855 1268 1025 1304 tamen
1052 1272 1231 1304 aurum
1260 1253 1426 1314 fodit,
1464 1255 1512 1305 &
1538 1256 1660 1303 ebur
1690 1271 1819 1321 prae-

536 1346 657 1405 bet,
705 1347 859 1416 &per
897 1345 1172 1395 fitieulosas
1209 1365 1474 1397 arenarum
1523 1346 1818 1397 solitudines

533 1439 759 1507 legendis
785 1439 1004 1508 gemmis
1041 1437 1350 1489 solertissime
1377 1438 1638 1507 divagatur
1661 1476 1674 1496 ‚
1717 1453 1809 1486 nee

538 1533 673 1585 alios
701 1534 842 1583 novit
869 1532 1008 1591 deos,
1038 1551 1189 1600 quam
1220 1532 1454 1583 Solem&
1475 1532 1674 1582 Lunam
1696 1569 1708 1589 ,
1739 1528 1819 1578 sed

529 1630 660 1679 hane
687 1626 911 1676 maxime
936 1625 988 1674 in
1015 1626 1207 1676 honore
1249 1644 1305 1675 ae
1352 1626 1691 1677 admiratione
1717 1625 1810 1672 ha-

530 1723 618 1772 bet
649 1757 660 1777 ,
690 1719 824 1786 quod
847 1718 1081 1768 noestibus
1106 1757 1118 1776 ,
1149 1717 1348 1769 discessu
1374 1719 1503 1770 Solis
1527 1756 1541 1777 ‚
1580 1737 1607 1768 a
1627 1717 1821 1767 fervore

531 1810 816 1864 immodico
857 1807 1162 1877 refrigeratis
1202 1810 1372 1859 lucem
1423 1809 1661 1877 largiatur
1690 1843 1704 1863 ,
1771 1809 1818 1856 &

535 1912 716 1950 contra
750 1897 878 1947 Solis
903 1897 1111 1947 iniurias
1139 1916 1234 1947 vna
1256 1899 1474 1967 benigne
1499 1900 1547 1948 &
1574 1908 1820 1965 opportu-

530 2009 597 2043 ne
642 1988 843 2039 invefio
885 2001 1058 2056 tepore
1111 1987 1474 2058 splendoreque
1519 1984 1812 2037 subveniat.

537 2086 625 2138 Ab
651 2082 828 2134 occasu
882 2082 1318 2152 Manicongorum
1348 2083 1461 2134 Rex
1488 2082 1611 2133 fines
1636 2081 1817 2138 habet,

529 2173 673 2223 cuius
720 2173 861 2242 regni
909 2193 1093 2244 magna
1142 2173 1209 2224 est
1260 2174 1547 2243 amplitudo
1579 2210 1593 2231 ‚
1623 2170 1817 2239 solique

528 2261 696 2313 maior
723 2262 1054 2323 foecunditas,
1084 2282 1203 2314 nam
1233 2263 1417 2315 fluvius
1444 2263 1644 2331 ingens,
1665 2276 1821 2328 quem

532 2353 768 2406 Gabram
797 2369 980 2406 vocant
1004 2393 1019 2414 ,
1046 2357 1384 2424 amplitudine
1415 2395 1429 2416 ,
1456 2352 1814 2412 incrementiS‚

530 2445 779 2512 copiaque
808 2442 1205 2496 crocodilorum
1241 2450 1290 2498 &
1311 2447 1528 2516 piscium
1547 2443 1680 2497 Nilo
1703 2460 1817 2512 per-

529 2533 710 2585 similis
737 2571 750 2593 ,
791 2534 1014 2584 mediam
1061 2534 1231 2585 secans
1255 2573 1268 2594 ‚
1314 2538 1363 2586 &
1394 2537 1521 2605 saepe
1547 2534 1804 2586 inundans

529 2626 817 2695 regionem,
843 2623 1036 2677 effeffis
1065 2623 1260 2693 aliquot
1285 2623 1489 2686 insulis,
1517 2626 1568 2675 in
1596 2620 1821 2674 Athlan-

1651 2723 1820 2761 ticum
