1931 3239
144 269 318 308 emes
346 262 594 305 mammo
628 260 904 309 MORESQ
931 258 1226 297 Ale-rmoi’.
1303 263 1403 318 239

254 374 339 425 ET
374 387 436 420 ex
463 367 651 417 horum
677 366 939 416 librorum
969 365 1236 434 praeceptis
1267 404 1279 423 ‚
1309 368 1408 416 sine

111 468 285 534 aliqua
331 458 635 528 exceptione
685 478 712 511 a
739 458 862 509 festo
908 457 1110 509 Paschae
1159 457 1311 526 vsque
1346 441 1410 507 ad

114 553 462 613 Pentecostem
489 552 697 624 fingulis
727 554 906 604 diebus
956 553 1206 604 vescimur
1245 552 1410 601 carni-

107 651 202 704 bus
230 686 245 708 ,
273 665 367 698 nec
394 665 483 716 per
529 647 622 698 hos
665 648 772 699 dies
803 686 817 707 ,
869 647 1025 715 vsque
1070 648 1131 697 ad
1173 646 1411 697 oelauam

108 738 429 794 Pentecostes
492 739 718 791 ieiunare
763 753 997 791 tenemur
1031 776 1045 798 ,
1096 738 1147 789 id
1200 737 1410 806 quidem

99 845 309 903 propter
333 831 585 882 maiorem
615 832 996 883 venerationem
1029 868 1042 890 ,
1073 831 1121 881 &
1160 831 1411 881 honorem

102 921 511 975 Resurreofionis
552 924 774 978 Domini
826 924 977 976 nostri
1026 922 1172 974 IESV
1217 921 1411 974 CHRI-

105 1025 236 1066 STI.
285 1016 421 1067 Item
451 1017 721 1068 voluerunt
748 1031 801 1068 vt
826 1019 963 1068 diem
991 1016 1173 1066 mortis
1203 1053 1217 1074 ,
1259 1016 1307 1066 &
1336 1013 1410 1065 as-

104 1105 414 1175 sumptionis
440 1109 627 1162 lssariae
653 1111 886 1180 Virginis
912 1129 1036 1161 cum
1062 1109 1205 1159 omni
1235 1109 1403 1160 hono-

105 1218 161 1251 re
188 1200 575 1254 celebraremus.
626 1203 872 1254 Praeterea
898 1215 1080 1273 praeter
1125 1200 1401 1267 Apostolo-

104 1310 219 1344 rum
247 1310 498 1364 praecepta
516 1294 723 1365 quidam
748 1290 1013 1345 Preciosus
1038 1294 1289 1351 Ioannes,
1311 1308 1405 1340 no-

103 1384 246 1434 mine
266 1384 433 1436 semen
459 1385 901 1445 Iacob,constituit
924 1385 975 1434 in
999 1386 1250 1435 honorem
1273 1381 1406 1433 eius-

104 1476 225 1526 dem
275 1477 433 1528 beatae
464 1475 698 1547 Virginis
726 1515 739 1537 ,
769 1475 973 1546 singulis
1019 1475 1165 1528 annis
1192 1473 1404 1543 triginta

116 1573 266 1643 supra
291 1587 393 1624 tres
443 1575 549 1624 dies
598 1573 755 1623 etiam
805 1571 1154 1622 celebrandos.
1202 1569 1409 1621 DeInde

109 1679 319 1736 propter
346 1663 611 1715 CHR1ST1
644 1665 920 1716 Saluatoris
962 1663 1288 1714 natiuitatem
1326 1680 1413 1713 ce-

110 1758 295 1810 lebrari
345 1758 476 1808 iuffit
520 1758 582 1808 de
631 1777 733 1809 vno
785 1774 988 1826 quoque
1047 1754 1220 1806 mense
1272 1755 1412 1804 diem

103 1864 263 1898 vnum
296 1885 309 1907 ,
337 1849 426 1915 qui
471 1850 577 1899 dies
623 1850 908 1919 vigeffimus
955 1847 1165 1915 quintus
1214 1845 1412 1914 semper

99 1936 190 1986 est.
235 1935 516 1986 Constituit
556 1956 759 2006 quoque
785 1956 849 1988 ex
898 1935 1106 2002 singulis
1149 1934 1404 1985 mensibus

103 2043 266 2078 vnum
294 2028 436 2077 diem
463 2042 667 2097 propter
695 2029 746 2077 S.
777 2025 1100 2078 Michaelem
1142 2026 1407 2075 celebran-

101 2119 250 2170 dum.
284 2117 513 2171 Vlterius
541 2136 604 2169 ex
626 2119 819 2169 ἰηεὶίἑὶο
840 2117 1157 2186 Synodorum
1183 2117 1403 2186 Aposto-

99 2213 272 2264 lorum
297 2250 311 2271 ,
339 2213 478 2263 diem
507 2212 734 2282 martyrii
764 2211 815 2262 S.
861 2212 1101 2281 Stephani
1134 2251 1147 2272 ,
1192 2230 1248 2262 ae
1276 2211 1405 2262 alio-

104 2325 223 2376 num
267 2307 563 2376 Martyrum
591 2309 930 2357 celebramur.
976 2305 1055 2356 Ex
1085 2304 1406 2356 institutione

101 2415 312 2466 quoque
342 2398 706 2466 Apostolorum
733 2399 985 2448 celebrare
1013 2410 1246 2447 tenemur
1283 2397 1409 2446 duos

99 2491 208 2543 dies
228 2529 241 2550 ,
270 2494 461 2545 seilicet
487 2495 690 2546 Sabbati
718 2495 765 2545 &
794 2493 1067 2544 Dominici
1093 2529 1106 2551 ,
1138 2492 1191 2541 in
1220 2492 1404 2560 quibus

99 2589 355 2641 nonlicet
382 2593 531 2642 nobis
583 2591 807 2659 aliquam
858 2607 966 2639 rem
995 2588 1160 2638 facere
1202 2605 1263 2635 ne
1305 2586 1405 2633 mi-

100 2683 302 2736 nimam
329 2685 558 2755 quidem.
605 2685 765 2737 Diem
794 2701 915 2734 vero
944 2682 1154 2733 sabbati
1202 2681 1266 2728 ob
1311 2676 1359 2725 id
1392 2712 1404 2732 ,

1240 2767 1375 2837 quod
