1931 3239
335 255 674 298 OLJSIPONIS
724 252 1098 290 DESCRIPTIO
1329 260 1393 315 37

130 367 230 420 fine
267 363 369 415 fisci
425 379 613 432 magno
662 359 972 410 detrimento
1024 357 1127 428 ipse
1154 359 1394 410 omnium

126 473 303 525 regum
331 453 608 506 Lusitaniae
636 451 834 520 primus
858 451 993 523 plebi
1028 450 1268 520 elargitus
1294 452 1361 503 est
1382 491 1397 513 ,

126 551 308 618 speque
351 547 577 617 ingentis
628 547 840 615 quaestus
872 546 1245 597 mercatoribus
1277 563 1399 614 pro-

125 639 283 710 pofita
313 678 327 700 ,
371 639 691 692 frumentum
739 641 962 709 vndique
1012 642 1073 691 ab
1107 640 1179 690 eis
1206 657 1397 694 conve-

122 735 280 785 hitur.
326 732 405 785 Eo
449 735 600 805 paeto
645 734 783 784 brevi
829 734 974 803 plebs
1025 752 1238 784 annonae
1266 737 1397 786 cari-

120 837 221 876 tate
246 824 535 878 subleuatur
556 865 569 887 ‚
598 827 736 897 quod
767 826 882 877 sane
908 845 1097 896 magno
1125 826 1396 897 Reipubli-

119 936 191 970 cae
218 921 492 972 commodo
539 922 732 974 factum
770 922 862 972 effe
891 940 1051 990 nuper
1089 923 1286 991 experti
1314 922 1396 973 su-

120 1031 254 1064 mus.
315 1014 429 1066 Post
478 1016 630 1067 huius
679 1027 880 1085 tergum
925 1033 1120 1066 novum
1164 1015 1396 1085 portori-

121 1121 213 1152 um
243 1104 488 1163 inhaeret,
534 1105 697 1172 ipsam
735 1107 890 1156 maris
943 1106 1265 1175 crepidinem
1318 1115 1397 1153 at-

123 1194 325 1261 tingens
349 1231 364 1252 ,
401 1193 646 1244 immanis
686 1197 919 1262 quaedam
941 1196 1169 1262 lapidum
1199 1193 1395 1249 moles,

123 1285 280 1355 tignis
328 1286 603 1337 trabalibus
630 1286 904 1336 confertim
956 1287 1184 1336 immistis
1214 1323 1229 1344 ‚
1263 1301 1320 1334 ac
1337 1283 1399 1333 fi-

125 1380 494 1431 stucationibus
536 1381 589 1430 in
617 1399 753 1431 mare
782 1380 976 1430 adactis
1023 1378 1226 1430 suffulta
1250 1416 1264 1438 ,
1314 1398 1398 1429 re-

124 1471 300 1540 gisque
361 1471 587 1523 eiusdem
630 1473 755 1522 iuffu
818 1471 1125 1542 sumptuque
1169 1470 1400 1521 constru-

125 1564 208 1615 ἃᾶ
228 1600 244 1622 ,
271 1563 352 1613 cui
378 1563 563 1614 merito
591 1564 656 1614 ob
678 1563 871 1614 aedium
908 1562 1352 1633 magnificentiam
1379 1597 1395 1619 ,

123 1655 358 1724 &operis
405 1657 841 1724 pulchritudinem
874 1695 888 1716 ,
937 1657 1181 1725 quintum
1208 1652 1259 1705 in
1292 1655 1395 1704 hoc

128 1744 311 1820 ordine
339 1745 512 1796 locum
540 1746 868 1797 tribuendum
895 1746 989 1796 effe
1011 1746 1275 1798 duximus.

210 1834 425 1888 EODEM
473 1839 638 1889 tractu
659 1838 877 1890 secundo
901 1841 1034 1891 mari
1058 1858 1272 1908 campus
1322 1839 1401 1889 la-

126 1937 207 1976 tus
227 1926 505 1978 admodum
530 1928 653 1980 inest
669 1967 683 1989 ,
708 1949 736 1980 a
758 1949 889 1982 nova
914 1934 1129 1998 portorii
1148 1969 1162 1990 ,
1198 1929 1402 1979 horrei-

128 2037 226 2088 que
245 2018 487 2071 struE'tura
515 2059 529 2080 ‚
550 2035 663 2073 tum
681 2040 710 2073 a
729 2021 1109 2093 septentrionali
1144 2059 1160 2081 ‚
1197 2034 1308 2071 turn
1331 2021 1396 2069 ab

126 2111 344 2162 occiduo
367 2112 541 2172 latere,
570 2113 1031 2182 pulcherrimarum
1049 2114 1241 2164 aedium
1273 2110 1400 2162 serie

128 2202 495 2270 circumseptus
513 2242 528 2264 ,
555 2219 668 2256 tum
709 2206 939 2256 maxime
965 2223 993 2255 a
1020 2202 1350 2256 meridionali
1378 2240 1395 2267 2

132 2296 337 2364 porticu
369 2297 718 2349 iucundiffima
742 2297 946 2367 aspectu
970 2334 985 2357 ‚
1021 2297 1082 2348 ad
1103 2296 1223 2346 litus
1243 2294 1402 2365 vsque

125 2399 309 2438 ornatu
337 2387 538 2440 summo
573 2387 837 2440 deductus,
881 2388 1026 2440 Nam
1076 2388 1213 2440 aliud
1265 2387 1400 2439 latus

128 2481 266 2548 quod
291 2481 540 2532 orientem
563 2479 835 2531 hibernum
879 2479 1084 2550 respicit
1109 2516 1123 2539 ,
1152 2497 1292 2530 mare
1314 2479 1402 2528 in·-

55 2614 59 2616 Ἴ
122 2573 309 2626 cludit.
356 2573 420 2625 In
469 2591 529 2624 eo
574 2569 746 2625 forum
780 2571 905 2622 inest
926 2571 1201 2641 piscarium
1229 2608 1244 2632 ‚
1272 2589 1402 2622 vna*

127 2675 226 2730 que
284 2663 456 2718 forum
503 2664 767 2738 cupedinis
832 2663 1210 2725 constitutum,
1285 2681 1391 2729 quo

1275 2769 1359 2802 ce-
