1931 3239
513 225 962 263 -HISPANtA
1307 231 1374 285 97

144 348 203 390 'rt
243 331 483 388 inimicus
522 331 727 382 habeas·
770 331 951 384 Tanta
1003 327 1070 379 est
1098 346 1276 378 eorum
1305 348 1416 380 ma-

132 427 441 498 gnanimitas
476 461 490 483 ,
545 437 597 474 x‘t
645 424 923 494 peregrini-s
951 421 1252 473 hominibus
1304 437 1420 487 gra-

140 518 207 568 tis
230 515 397 566 officiu
413 533 464 564 m
506 513 650 565 suum
701 514 940 564 exhibere
966 511 1294 562 contendant.
1347 508 1417 559 Et

136 608 171 659 si
196 607 467 675 aliquando
492 606 611 658 talia
636 623 842 656 munera
875 605 976 655 istis
1035 605 1262 672 accipere
1298 619 1426 651 con·
1462 612 1465 618 '

138 697 307 766 tingat
340 734 353 756 ‚
395 696 446 747 id
498 699 543 747 vi
575 695 740 747 εοᾶξὶὶ
766 734 778 754 ,
829 697 879 746 &
920 696 1136 745 omnino
1160 693 1421 764 reiucffim-

149 799 224 837 tes
253 788 466 840 faciunt.
531 788 603 839 At
628 787 948 848 Germaniae,
975 787 1415 841 Galliaeve‘famu-

147 878 184 929 li
209 881 403 930 arcium
429 918 443 939 ,
503 883 1013 932 armamentariorum
1044 921 1057 941 ,
1084 881 1428 949 templorum-

146 995 244 1045 que
263 975 486 1027 custodes
543 978 705 1028 multo
748 993 924 1030 contra
958 1018 971 1038 ,
1006 979 1146 1029 nulla
1186 977 1429 1028 humani-

150 1079 252 1119 tate
285 1084 379 1116 nec
428 1067 610 1118 decore
645 1067 841 1120 seruato
867 1107 879 1127 ‚
931 1088 1035 1119 non
1080 1081 1281 1118 tantum
1318 1085 1424 1117 non

156 1159 385 1214 recusant
415 1201 428 1221 ,
466 1164 601 1230 quod
651 1163 814 1215 facere
856 1184 959 1215 non
998 1175 1252 1215 nonerunt
1280 1199 1294 1220 ‚
1348 1162 1432 1212 sed

146 1263 295 1301 antea
337 1270 489 1319 quam
553 1252 761 1313 offeras,
826 1257 1050 1324 praebent
1100 1253 1186 1324 ipsl
1231 1271 1414 1306 manus

154 1337 218 1389 fic
238 1379 251 1400 ,
274 1354 324 1392 vt
350 1343 434 1410 qui
462 1343 549 1394 sub
581 1348 710 1396 arcis
741 1347 998 1415 praefecito
1013 1361 1233 1398 meretur
1263 1385 1275 1406 ,
1299 1344 1431 1397 iani-

147 1441 259 1490 tor,
301 1433 468 1484 custos
500 1473 514 1494 ,
561 1422 803 1504 pincerna
833 1476 846 1497 ‚
898 1438 1085 1507 pistor,
1115 1437 1269 1487 lotrix
1300 1473 1313 1495 ,
1335 1452 1424 1484 co-

150 1535 240 1568 cus
266 1557 279 1578 ,
325 1539 505 1572 omnes
545 1522 756 1572 demum
803 1536 1063 1590 quotquot
1107 1520 1256 1579 sunt,
1299 1535 1429 1585 prae-

152 1611 272 1662 dam
300 1613 432 1664 inter
477 1613 525 1664 se
556 1652 569 1673 ,
615 1627 887 1682 antequam
929 1615 1014 1664 des
1039 1651 1052 1672 ,
1105 1612 1316 1663 calculis
1344 1610 1426 1658 di-

149 1700 347 1753 uidant.
391 1703 612 1773 Parique
648 1704 803 1757 modo
864 1704 916 1754 in
972 1703 1185 1753 familiis
1235 1701 1434 1751 amico-

157 1809 273 1840 rum
300 1792 356 1843 fit
380 1814 392 1843 :
433 1813 461 1844 a
490 1794 675 1862 quibus
702 1795 843 1844 enim
871 1794 1054 1845 amicis
1097 1808 1244 1845 antea
1274 1806 1431 1859 quam

106 1892 111 1897 ‘
160 1883 388 1934 discedas
419 1923 432 1943 ,
471 1904 650 1936 omnes
695 1886 877 1936 famuli
928 1888 1058 1936 inter
1085 1886 1132 1935 se
1159 1897 1432 1952 computa-

162 1976 305 2026 tione
344 1977 544 2026 lucrum
584 1978 902 2029 aduentantis
939 1978 1261 2029 liberalitatis
1297 1976 1435 2027 diui-

165 2063 292 2114 dunt
331 2086 344 2115 ε
379 2083 490 2133 quae
522 2083 597 2115 res
625 2065 693 2115 ita
719 2066 969 2117 increbuit
988 2106 1000 2127 ,
1029 2082 1080 2118 vt
1107 2088 1199 2137 pro
1222 2068 1440 2118 dedeco-

172 2170 292 2202 core
334 2154 436 2203 iam
464 2172 563 2204 non
594 2154 854 2205 habeatur.
897 2157 980 2205 Ad
1026 2157 1172 2210 istum
1220 2159 1438 2209 modum

164 2242 484 2295 humanitate
537 2246 917 2316 vrbanitateque
951 2250 1029 2300 hae
1070 2251 1302 2302 nationes
1337 2251 1441 2302 dif-

175 2340 365 2392 ferunt.

275 2428 462 2480 NVNC
497 2428 687 2480 iudicet
730 2428 1027 2483 Munsterus
1059 2470 1073 2492 ,
1102 2433 1150 2485 &
1180 2435 1307 2490 ferat
1336 2435 1439 2505 ipse

170 2520 513 2581 sententiam,
559 2522 610 2574 δε
652 2524 776 2575 dum
823 2542 989 2575 mores
1031 2527 1264 2594 gentium
1318 2529 1440 2579 scri-

170 2613 290 2667 bere
327 2624 539 2667 conatur
565 2650 582 2677 ,
629 2614 741 2668 edat
774 2631 832 2667 ea
884 2628 1085 2670 tantum
1109 2657 1124 2681 ‚
1174 2638 1285 2691 quae
1338 2618 1442 2685 ipse

1329 2706 1406 2757 vi-
