1965 3256
586 238 687 309 258
928 261 1215 306 DAMIANI
1248 270 1288 306 A
1320 270 1468 310 eoEs

549 362 793 415 Praeterea
833 363 930 416 hoc
977 367 1358 429 familiariffime
1409 382 1599 433 vtimur
1625 417 1640 440 ,
1691 387 1829 452 quod

546 455 712 523 statim
740 457 801 505 ad
828 460 980 526 pedes
1031 462 1320 518 confefforis
1344 507 1358 528 ,
1410 489 1531 522 curn
1570 491 1838 544 peccatum

549 548 871 599 commiffum
899 550 964 600 est
996 590 1008 611 ‚
1037 557 1350 609 accurrimus
1381 598 1395 619 ,
1423 562 1473 612 δε
1498 563 1595 616 hoc
1637 566 1841 620 faciunt

546 661 726 695 omnes
754 657 856 694 tam
884 645 1094 698 masculi
1118 688 1130 708 ‚
1172 670 1326 719 quam
1355 654 1586 712 foeminae
1620 699 1634 720 ,
1657 664 1830 716 cuius-

547 754 747 804 cunque
801 738 1112 790 conditionis
1179 742 1289 795 fint.
1337 746 1403 798 Et
1429 752 1837 823 quotiescunque

550 828 854 878 confitemur
886 867 900 888 ,
945 832 1238 886 assumimus
1265 856 1449 909 corpus
1494 843 1715 899 Domini
1749 886 1762 908 ,
1787 849 1838 901 &

550 917 601 966 id
629 916 833 985 quidem
861 915 948 967 sub
975 932 1182 988 Vtraque
1228 924 1391 992 specie
1421 967 1436 988 ,
1488 930 1541 981 in
1568 951 1698 1002 pane
1723 938 1838 988 azi-

547 1026 636 1058 mo
674 1007 893 1055 triticeo,
940 1006 1098 1074 Qiod
1118 1011 1159 1059 -s1
1188 1011 1394 1080 singulis
1421 1018 1598 1072 diebus
1623 1027 1841 1078 confite-

547 1113 693 1145 amur
724 1132 736 1152 ,
768 1095 972 1163 fingulis
1000 1115 1202 1167 quoque
1230 1102 1407 1154 diebus
1433 1110 1716 1179 accipimus
1752 1135 1840 1167 ve-

548 1184 773 1235 nerabile
802 1183 1188 1240 Sacramentum
1220 1229 1234 1251 ,
1285 1192 1335 1244 &
1361 1194 1411 1245 id
1413 1214 1545 1252 ,tam
1577 1204 1709 1271 apud
1735 1205 1842 1258 cle-

541 1275 676 1325 ricos
712 1313 725 1334 ‚
752 1294 904 1344 quam
933 1279 1066 1348 apud
1092 1279 1247 1334 laicos
1297 1285 1351 1336 in
1377 1287 1464 1338 vsu
1513 1290 1599 1342 est.
1644 1291 1710 1344 Et
1751 1292 1842 1346 Sa·-

552 1351 873 1417 crameritum
925 1366 1250 1425 Eucharistiae
1293 1395 1396 1428 non
1441 1379 1665 1433 seruatur
1703 1385 1838 1454 apud

544 1479 645 1512 nos
670 1461 724 1511 in
752 1463 960 1531 templis
991 1502 1004 1524 ,
1033 1478 1085 1516 vt
1129 1467 1185 1518 fit
1211 1467 1294 1519 hic
1335 1472 1471 1540 apud
1516 1474 1795 1547 Europaeos
1825 1515 1838 1540 ‚

542 1572 635 1604 nec
662 1554 837 1622 aegroti
893 1553 1097 1628 Corpus
1150 1559 1495 1617 Dominicum
1537 1569 1840 1637 accipiunt,

550 1647 645 1697 nifi
697 1648 821 1698 dum
892 1653 1265 1706 conualuerint.
1325 1657 1388 1708 Id
1437 1660 1493 1709 fit
1522 1697 1536 1719 ‚
1585 1662 1835 1729 quoniam

545 1757 727 1790 omnes
755 1753 862 1791 tam
909 1742 1027 1792 laici
1058 1781 1071 1803 ,
1124 1764 1279 1814 quam
1331 1748 1505 1801 clerici
1558 1751 1839 1807 consueue-

549 1848 668 1884 runt
695 1835 818 1885 illud
852 1872 864 1893 ,
896 1834 957 1885 ad
984 1839 1180 1896 minus,
1208 1841 1284 1890 bis
1312 1842 1363 1892 in
1393 1842 1728 1899 haebdomada
1751 1865 1839 1898 ac-

550 1931 721 1999 cipere
751 1967 765 1988 ,
792 1930 839 1979 &
866 1947 1044 1979 omnes
1072 1932 1208 1982 idem
1256 1935 1484 1988 volentes
1509 1937 1675 1992 facere
1701 1952 1839 1992 tem-

549 2024 696 2092 plum
723 2022 969 2073 accedunt
1000 2061 1012 2082 ,
1041 2025 1229 2096 quippe
1265 2029 1464 2080 nemini
1491 2030 1638 2083 datur
1664 2032 1754 2085 nifi
1781 2035 1838 2087 in

542 2114 652 2182 ipso
677 2113 872 2180 templo
904 2150 916 2173 ,
945 2131 1038 2164 nec
1069 2115 1119 2166 id
1146 2120 1446 2171 conceditur
1481 2120 1789 2175 Patriarchae
1818 2162 1835 2185 ‚

545 2223 639 2257 nec
669 2206 757 2273 ipfi
785 2205 1019 2258 Precioso
1051 2207 1255 2260 Ioanni.
1288 2209 1499 2263 Vtimur
1524 2214 1680 2266 etiam
1706 2216 1841 2268 sem-

552 2307 641 2358 per
667 2313 767 2346 vno
817 2297 1089 2349 confeffore
1119 2337 1134 2358 ,
1163 2318 1255 2350 nec
1305 2302 1465 2356 alium
1513 2307 1793 2378 accipimus
1821 2347 1840 2369 ,

543 2383 635 2433 nifi
661 2403 722 2435 eo
748 2386 950 2438 absente
981 2428 995 2449 ‚
1040 2411 1141 2460 quo
1167 2395 1365 2446 reuerso
1401 2398 1464 2448 ad
1490 2396 1657 2471 ipsum
1700 2400 1842 2452 redi-

541 2492 676 2526 mus.
724 2474 790 2526 Et
845 2477 1145 2529 confessores
1192 2485 1433 2541 omnium
1505 2502 1836 2556 peccatorum

541 2569 663 2619 dant
689 2570 836 2620 nobis
863 2587 926 2619 ex
947 2569 1181 2626 Ecclefiae
1208 2579 1449 2643 potestate
1467 2580 1838 2634 absolutIOnem

542 2667 689 2721 nullo
717 2667 830 2720 casu
861 2667 1128 2741 Episcopis
1159 2710 1173 2733 ,
1221 2689 1305 2727 aut
1332 2677 1636 2734 Patriarchae
1685 2677 1838 2730 reser-

1644 2780 1796 2835 uato,
