<?xml version="1.0" encoding="UTF-8"?>
<!DOCTYPE html PUBLIC "-//W3C//DTD XHTML 1.0 Transitional//EN"
    "http://www.w3.org/TR/xhtml1/DTD/xhtml1-transitional.dtd">
<html xmlns="http://www.w3.org/1999/xhtml" xml:lang="en" lang="en">
 <head>
  <title>
</title>
<meta http-equiv="Content-Type" content="text/html;charset=utf-8" />
  <meta name='ocr-system' content='tesseract 3.04.00' />
  <meta name='ocr-capabilities' content='ocr_page ocr_carea ocr_par ocr_line ocrx_word'/>
</head>
<body>
  <div class='ocr_page' id='page_1' title='image "./damianigoesopusc00gi_0165.png"; bbox 0 0 1931 3239; ppageno 0'>
   <div class='ocr_carea' id='block_1_1' title="bbox 304 225 1409 300">
    <p class='ocr_par' dir='ltr' id='par_1_1' title="bbox 304 225 1409 300">
     <span class='ocr_line' id='line_1_1' title="bbox 304 225 1409 300; baseline -0.014 -23"><span class='ocrx_word' id='word_1_1' title='bbox 304 233 541 276; x_wconf 63' lang='lat' dir='ltr'>Dxtxsrs</span> <span class='ocrx_word' id='word_1_2' title='bbox 589 228 768 268; x_wconf 78' lang='lat' dir='ltr'>vas</span> <span class='ocrx_word' id='word_1_3' title='bbox 797 225 1197 269; x_wconf 67' lang='lat' dir='ltr'>oppvchrro</span> <span class='ocrx_word' id='word_1_4' title='bbox 1308 247 1409 300; x_wconf 68' lang='lat'>135.</span> 
     </span>
    </p>
   </div>
   <div class='ocr_carea' id='block_1_2' title="bbox 120 334 1464 2551">
    <p class='ocr_par' dir='ltr' id='par_1_2' title="bbox 120 334 1464 2359">
     <span class='ocr_line' id='line_1_2' title="bbox 167 334 1445 413; baseline -0.006 -16"><span class='ocrx_word' id='word_1_5' title='bbox 167 349 287 397; x_wconf 66' lang='lat' dir='ltr'>‘tum</span> <span class='ocrx_word' id='word_1_6' title='bbox 333 345 384 393; x_wconf 85' lang='lat'>&amp;</span> <span class='ocrx_word' id='word_1_7' title='bbox 409 336 779 408; x_wconf 82' lang='lat' dir='ltr'>quinquaginta</span> <span class='ocrx_word' id='word_1_8' title='bbox 829 334 1042 387; x_wconf 63' lang='lat' dir='ltr'>selectos</span> <span class='ocrx_word' id='word_1_9' title='bbox 1070 336 1261 390; x_wconf 81' lang='lat' dir='ltr'>milites</span> <span class='ocrx_word' id='word_1_10' title='bbox 1290 378 1305 398; x_wconf 87' lang='lat'>,</span> <span class='ocrx_word' id='word_1_11' title='bbox 1356 365 1445 413; x_wconf 66' lang='lat' dir='ltr'>per</span> 
     </span>
     <span class='ocr_line' id='line_1_3' title="bbox 169 430 1448 498; baseline -0.006 -8"><span class='ocrx_word' id='word_1_12' title='bbox 169 439 304 489; x_wconf 79' lang='lat' dir='ltr'>foffae</span> <span class='ocrx_word' id='word_1_13' title='bbox 329 431 592 485; x_wconf 83' lang='lat' dir='ltr'>secretiora</span> <span class='ocrx_word' id='word_1_14' title='bbox 627 430 738 480; x_wconf 89' lang='lat' dir='ltr'>loca</span> <span class='ocrx_word' id='word_1_15' title='bbox 765 430 957 480; x_wconf 86' lang='lat' dir='ltr'>emittit</span> <span class='ocrx_word' id='word_1_16' title='bbox 985 467 1000 489; x_wconf 91' lang='lat'>,</span> <span class='ocrx_word' id='word_1_17' title='bbox 1038 431 1124 498; x_wconf 90' lang='lat' dir='ltr'>qui</span> <span class='ocrx_word' id='word_1_18' title='bbox 1154 444 1292 483; x_wconf 87' lang='lat' dir='ltr'>tanta</span> <span class='ocrx_word' id='word_1_19' title='bbox 1316 437 1448 490; x_wconf 78' lang='lat' dir='ltr'>astu-</span> 
     </span>
     <span class='ocr_line' id='line_1_4' title="bbox 120 524 1451 595; baseline -0.001 -14"><span class='ocrx_word' id='word_1_20' title='bbox 120 580 127 585; x_wconf 83' lang='grc'><em>,</em></span> <span class='ocrx_word' id='word_1_21' title='bbox 169 533 243 582; x_wconf 78' lang='lat' dir='ltr'>tia</span> <span class='ocrx_word' id='word_1_22' title='bbox 270 567 286 589; x_wconf 90' lang='lat'><em>,</em></span> <span class='ocrx_word' id='word_1_23' title='bbox 321 529 370 589; x_wconf 84' lang='lat'>&amp;</span> <span class='ocrx_word' id='word_1_24' title='bbox 392 526 658 595; x_wconf 83' lang='lat' dir='ltr'>diligentia</span> <span class='ocrx_word' id='word_1_25' title='bbox 691 524 758 575; x_wconf 81' lang='lat' dir='ltr'>vli</span> <span class='ocrx_word' id='word_1_26' title='bbox 787 524 898 575; x_wconf 91' lang='lat' dir='ltr'>sunt</span> <span class='ocrx_word' id='word_1_27' title='bbox 932 562 946 584; x_wconf 89' lang='lat'><strong>,</strong></span> <span class='ocrx_word' id='word_1_28' title='bbox 971 538 1022 576; x_wconf 91' lang='lat' dir='ltr'>vt</span> <span class='ocrx_word' id='word_1_29' title='bbox 1070 527 1131 576; x_wconf 90' lang='lat' dir='ltr'>ad</span> <span class='ocrx_word' id='word_1_30' title='bbox 1149 547 1324 582; x_wconf 87' lang='lat' dir='ltr'>eorum</span> <span class='ocrx_word' id='word_1_31' title='bbox 1370 535 1451 586; x_wconf 86' lang='lat' dir='ltr'>vs.</span> 
     </span>
     <span class='ocr_line' id='line_1_5' title="bbox 135 619 1450 691; baseline 0.005 -19"><span class='ocrx_word' id='word_1_32' title='bbox 135 640 269 691; x_wconf 43' lang='lat' dir='ltr'>‘que</span> <span class='ocrx_word' id='word_1_33' title='bbox 290 621 444 672; x_wconf 88' lang='lat' dir='ltr'>castra</span> <span class='ocrx_word' id='word_1_34' title='bbox 468 619 798 689; x_wconf 89' lang='lat' dir='ltr'>peruenerint</span> <span class='ocrx_word' id='word_1_35' title='bbox 829 638 843 681; x_wconf 70' lang='grc' dir='ltr'><strong>ς</strong></span> <span class='ocrx_word' id='word_1_36' title='bbox 889 619 1157 689; x_wconf 85' lang='lat' dir='ltr'><strong>pluresque</strong></span> <span class='ocrx_word' id='word_1_37' title='bbox 1179 623 1411 678; x_wconf 86' lang='lat' dir='ltr'>ducentis</span> <span class='ocrx_word' id='word_1_38' title='bbox 1435 667 1450 689; x_wconf 89' lang='lat'><em>,</em></span> 
     </span>
     <span class='ocr_line' id='line_1_6' title="bbox 163 714 1453 785; baseline 0.005 -18"><span class='ocrx_word' id='word_1_39' title='bbox 163 716 222 767; x_wconf 64' lang='grc' dir='ltr'><strong>ἃ</strong></span> <span class='ocrx_word' id='word_1_40' title='bbox 247 715 511 785; x_wconf 84' lang='lat' dir='ltr'>sexaginta</span> <span class='ocrx_word' id='word_1_41' title='bbox 536 714 754 765; x_wconf 89' lang='lat' dir='ltr'>hostium</span> <span class='ocrx_word' id='word_1_42' title='bbox 793 714 922 764; x_wconf 86' lang='lat' dir='ltr'>inibi</span> <span class='ocrx_word' id='word_1_43' title='bbox 967 716 1249 771; x_wconf 87' lang='lat' dir='ltr'>occiderint</span> <span class='ocrx_word' id='word_1_44' title='bbox 1274 758 1287 779; x_wconf 91' lang='lat'>,</span> <span class='ocrx_word' id='word_1_45' title='bbox 1314 723 1453 773; x_wconf 87' lang='lat' dir='ltr'>mul-</span> 
     </span>
     <span class='ocr_line' id='line_1_7' title="bbox 166 810 1455 882; baseline 0.003 -19"><span class='ocrx_word' id='word_1_46' title='bbox 166 811 349 881; x_wconf 74' lang='lat' dir='ltr'>tosque</span> <span class='ocrx_word' id='word_1_47' title='bbox 384 811 572 882; x_wconf 87' lang='lat' dir='ltr'>spathis</span> <span class='ocrx_word' id='word_1_48' title='bbox 596 849 609 871; x_wconf 89' lang='lat'>‚</span> <span class='ocrx_word' id='word_1_49' title='bbox 642 811 864 881; x_wconf 79' lang='lat' dir='ltr'>globulis</span> <span class='ocrx_word' id='word_1_50' title='bbox 888 849 902 871; x_wconf 88' lang='lat'><em>,</em></span> <span class='ocrx_word' id='word_1_51' title='bbox 955 810 1201 882; x_wconf 84' lang='lat' dir='ltr'>hastisque</span> <span class='ocrx_word' id='word_1_52' title='bbox 1228 816 1455 867; x_wconf 87' lang='lat' dir='ltr'>vulneri-</span> 
     </span>
     <span class='ocr_line' id='line_1_8' title="bbox 161 903 1456 971; baseline 0.002 -13"><span class='ocrx_word' id='word_1_53' title='bbox 161 908 266 958; x_wconf 72' lang='lat' dir='ltr'>bus</span> <span class='ocrx_word' id='word_1_54' title='bbox 309 905 589 957; x_wconf 88' lang='lat' dir='ltr'>affecerint.</span> <span class='ocrx_word' id='word_1_55' title='bbox 634 903 879 971; x_wconf 88' lang='lat' dir='ltr'>Denique</span> <span class='ocrx_word' id='word_1_56' title='bbox 905 918 1015 956; x_wconf 91' lang='lat' dir='ltr'>toto</span> <span class='ocrx_word' id='word_1_57' title='bbox 1043 910 1270 959; x_wconf 82' lang='lat' dir='ltr'>exercitu</span> <span class='ocrx_word' id='word_1_58' title='bbox 1305 928 1456 962; x_wconf 88' lang='lat' dir='ltr'>com-</span> 
     </span>
     <span class='ocr_line' id='line_1_9' title="bbox 171 996 1459 1074; baseline 0.005 -24"><span class='ocrx_word' id='word_1_59' title='bbox 171 1012 321 1050; x_wconf 88' lang='lat' dir='ltr'>moto</span> <span class='ocrx_word' id='word_1_60' title='bbox 343 1037 357 1059; x_wconf 92' lang='lat'>‚</span> <span class='ocrx_word' id='word_1_61' title='bbox 388 1000 436 1050; x_wconf 70' lang='grc' dir='ltr'>ὅ(</span> <span class='ocrx_word' id='word_1_62' title='bbox 457 997 518 1048; x_wconf 89' lang='lat' dir='ltr'>ad</span> <span class='ocrx_word' id='word_1_63' title='bbox 543 998 649 1047; x_wconf 89' lang='lat' dir='ltr'>vim</span> <span class='ocrx_word' id='word_1_64' title='bbox 668 996 1065 1066; x_wconf 81' lang='lat' dir='ltr'>propulsandam</span> <span class='ocrx_word' id='word_1_65' title='bbox 1092 1002 1459 1074; x_wconf 77' lang='lat' dir='ltr'>consurgente,</span> 
     </span>
     <span class='ocr_line' id='line_1_10' title="bbox 172 1089 1452 1157; baseline 0.009 -17"><span class='ocrx_word' id='word_1_66' title='bbox 172 1090 230 1140; x_wconf 79' lang='lat' dir='ltr'>in</span> <span class='ocrx_word' id='word_1_67' title='bbox 254 1108 419 1140; x_wconf 89' lang='lat' dir='ltr'>arcem</span> <span class='ocrx_word' id='word_1_68' title='bbox 463 1089 510 1140; x_wconf 92' lang='lat' dir='ltr'>se</span> <span class='ocrx_word' id='word_1_69' title='bbox 550 1103 867 1157; x_wconf 87' lang='lat' dir='ltr'>receperunt.</span> <span class='ocrx_word' id='word_1_70' title='bbox 912 1089 1198 1144; x_wconf 84' lang='lat' dir='ltr'>Defiderati</span> <span class='ocrx_word' id='word_1_71' title='bbox 1227 1095 1342 1148; x_wconf 86' lang='lat' dir='ltr'>sunt</span> <span class='ocrx_word' id='word_1_72' title='bbox 1386 1119 1452 1152; x_wconf 76' lang='lat' dir='ltr'>ex</span> 
     </span>
     <span class='ocr_line' id='line_1_11' title="bbox 171 1182 1456 1246; baseline 0.009 -12"><span class='ocrx_word' id='word_1_73' title='bbox 171 1182 356 1235; x_wconf 74' lang='lat' dir='ltr'>nostris</span> <span class='ocrx_word' id='word_1_74' title='bbox 385 1184 516 1234; x_wconf 90' lang='lat' dir='ltr'>inter</span> <span class='ocrx_word' id='word_1_75' title='bbox 566 1182 998 1234; x_wconf 80' lang='lat' dir='ltr'>innumerabilem</span> <span class='ocrx_word' id='word_1_76' title='bbox 1039 1186 1181 1237; x_wconf 87' lang='lat' dir='ltr'>illam</span> <span class='ocrx_word' id='word_1_77' title='bbox 1233 1191 1456 1246; x_wconf 84' lang='lat' dir='ltr'>hostium</span> 
     </span>
     <span class='ocr_line' id='line_1_12' title="bbox 172 1277 1458 1347; baseline 0.009 -20"><span class='ocrx_word' id='word_1_78' title='bbox 172 1278 521 1347; x_wconf 78' lang='lat' dir='ltr'>promiscuam</span> <span class='ocrx_word' id='word_1_79' title='bbox 547 1277 736 1327; x_wconf 79' lang='lat' dir='ltr'>caedem</span> <span class='ocrx_word' id='word_1_80' title='bbox 765 1291 964 1328; x_wconf 85' lang='lat' dir='ltr'>tantum</span> <span class='ocrx_word' id='word_1_81' title='bbox 1008 1291 1108 1331; x_wconf 82' lang='lat' dir='ltr'>tres</span> <span class='ocrx_word' id='word_1_82' title='bbox 1146 1319 1160 1340; x_wconf 86' lang='lat'>,</span> <span class='ocrx_word' id='word_1_83' title='bbox 1205 1285 1458 1339; x_wconf 81' lang='lat' dir='ltr'>vulnerati</span> 
     </span>
     <span class='ocr_line' id='line_1_13' title="bbox 174 1367 1460 1430; baseline 0.009 -11"><span class='ocrx_word' id='word_1_84' title='bbox 174 1368 385 1420; x_wconf 77' lang='lat' dir='ltr'>fuerunt</span> <span class='ocrx_word' id='word_1_85' title='bbox 415 1367 518 1420; x_wconf 86' lang='lat' dir='ltr'>sex.</span> <span class='ocrx_word' id='word_1_86' title='bbox 571 1368 649 1419; x_wconf 87' lang='lat' dir='ltr'>Eo</span> <span class='ocrx_word' id='word_1_87' title='bbox 676 1369 756 1419; x_wconf 87' lang='lat' dir='ltr'>die</span> <span class='ocrx_word' id='word_1_88' title='bbox 786 1369 992 1421; x_wconf 84' lang='lat' dir='ltr'>inuenta</span> <span class='ocrx_word' id='word_1_89' title='bbox 1014 1371 1125 1422; x_wconf 88' lang='lat' dir='ltr'>sunt</span> <span class='ocrx_word' id='word_1_90' title='bbox 1155 1373 1207 1423; x_wconf 88' lang='lat' dir='ltr'>in</span> <span class='ocrx_word' id='word_1_91' title='bbox 1234 1374 1352 1428; x_wconf 83' lang='lat' dir='ltr'>foffa</span> <span class='ocrx_word' id='word_1_92' title='bbox 1377 1398 1460 1430; x_wconf 91' lang='lat' dir='ltr'>ar-</span> 
     </span>
     <span class='ocr_line' id='line_1_14' title="bbox 175 1459 1461 1538; baseline 0.008 -27"><span class='ocrx_word' id='word_1_93' title='bbox 175 1461 251 1511; x_wconf 85' lang='lat' dir='ltr'>cis</span> <span class='ocrx_word' id='word_1_94' title='bbox 273 1459 593 1512; x_wconf 87' lang='lat' dir='ltr'>diuersorum</span> <span class='ocrx_word' id='word_1_95' title='bbox 624 1461 1075 1512; x_wconf 84' lang='lat' dir='ltr'>instrumentorum</span> <span class='ocrx_word' id='word_1_96' title='bbox 1104 1483 1287 1534; x_wconf 81' lang='lat' dir='ltr'>genera</span> <span class='ocrx_word' id='word_1_97' title='bbox 1309 1507 1323 1528; x_wconf 88' lang='lat'><em>,</em></span> <span class='ocrx_word' id='word_1_98' title='bbox 1346 1488 1461 1538; x_wconf 85' lang='lat' dir='ltr'>quae</span> 
     </span>
     <span class='ocr_line' id='line_1_15' title="bbox 175 1548 1460 1623; baseline 0.01 -25"><span class='ocrx_word' id='word_1_99' title='bbox 175 1548 435 1616; x_wconf 73' lang='lat' dir='ltr'>praeterita</span> <span class='ocrx_word' id='word_1_100' title='bbox 471 1549 624 1600; x_wconf 60' lang='lat' dir='ltr'>nocte</span> <span class='ocrx_word' id='word_1_101' title='bbox 651 1549 846 1601; x_wconf 86' lang='lat' dir='ltr'>Turcae</span> <span class='ocrx_word' id='word_1_102' title='bbox 889 1550 1078 1602; x_wconf 85' lang='lat' dir='ltr'>ibidem</span> <span class='ocrx_word' id='word_1_103' title='bbox 1110 1555 1372 1623; x_wconf 73' lang='lat' dir='ltr'>reposuere</span> <span class='ocrx_word' id='word_1_104' title='bbox 1398 1561 1460 1610; x_wconf 88' lang='lat' dir='ltr'>ad</span> 
     </span>
     <span class='ocr_line' id='line_1_16' title="bbox 178 1640 1461 1710; baseline 0.007 -22"><span class='ocrx_word' id='word_1_105' title='bbox 178 1656 359 1691; x_wconf 88' lang='lat' dir='ltr'>muros</span> <span class='ocrx_word' id='word_1_106' title='bbox 398 1642 453 1692; x_wconf 91' lang='lat' dir='ltr'>in</span> <span class='ocrx_word' id='word_1_107' title='bbox 507 1640 802 1709; x_wconf 84' lang='lat' dir='ltr'>sequentem</span> <span class='ocrx_word' id='word_1_108' title='bbox 849 1645 1288 1710; x_wconf 83' lang='lat' dir='ltr'>oppugnationem</span> <span class='ocrx_word' id='word_1_109' title='bbox 1335 1649 1461 1697; x_wconf 89' lang='lat' dir='ltr'>edu-</span> 
     </span>
     <span class='ocr_line' id='line_1_17' title="bbox 174 1732 1463 1807; baseline 0.008 -27"><span class='ocrx_word' id='word_1_110' title='bbox 174 1732 364 1783; x_wconf 88' lang='lat' dir='ltr'>cendos</span> <span class='ocrx_word' id='word_1_111' title='bbox 394 1771 408 1793; x_wconf 94' lang='lat'><em>,</em></span> <span class='ocrx_word' id='word_1_112' title='bbox 456 1732 901 1802; x_wconf 83' lang='lat' dir='ltr'>refodiendosque.</span> <span class='ocrx_word' id='word_1_113' title='bbox 946 1732 1067 1802; x_wconf 70' lang='lat' dir='ltr'>Qxa</span> <span class='ocrx_word' id='word_1_114' title='bbox 1112 1754 1165 1785; x_wconf 91' lang='lat' dir='ltr'>re</span> <span class='ocrx_word' id='word_1_115' title='bbox 1202 1737 1463 1807; x_wconf 71' lang='lat' dir='ltr'>perspec‘ta</span> 
     </span>
     <span class='ocr_line' id='line_1_18' title="bbox 176 1827 1461 1899; baseline 0.008 -23"><span class='ocrx_word' id='word_1_116' title='bbox 176 1827 344 1882; x_wconf 83' lang='lat' dir='ltr'>subito</span> <span class='ocrx_word' id='word_1_117' title='bbox 390 1827 650 1878; x_wconf 84' lang='lat' dir='ltr'>Antonius</span> <span class='ocrx_word' id='word_1_118' title='bbox 697 1846 725 1878; x_wconf 88' lang='lat' dir='ltr'>a</span> <span class='ocrx_word' id='word_1_119' title='bbox 753 1827 981 1897; x_wconf 76' lang='lat' dir='ltr'>Sylueira</span> <span class='ocrx_word' id='word_1_120' title='bbox 1042 1829 1130 1880; x_wconf 89' lang='lat' dir='ltr'>sub</span> <span class='ocrx_word' id='word_1_121' title='bbox 1172 1833 1358 1899; x_wconf 88' lang='lat' dir='ltr'>pluteis</span> <span class='ocrx_word' id='word_1_122' title='bbox 1405 1836 1461 1887; x_wconf 84' lang='lat' dir='ltr'>in</span> 
     </span>
     <span class='ocr_line' id='line_1_19' title="bbox 177 1917 1461 1993; baseline 0.005 -23"><span class='ocrx_word' id='word_1_123' title='bbox 177 1918 343 1988; x_wconf 81' lang='lat' dir='ltr'>ipsam</span> <span class='ocrx_word' id='word_1_124' title='bbox 366 1917 541 1968; x_wconf 83' lang='lat' dir='ltr'>foffam</span> <span class='ocrx_word' id='word_1_125' title='bbox 570 1921 906 1989; x_wconf 78' lang='lat' dir='ltr'>quadraginta</span> <span class='ocrx_word' id='word_1_126' title='bbox 934 1921 1307 1974; x_wconf 81' lang='lat' dir='ltr'>Arcubutarios</span> <span class='ocrx_word' id='word_1_127' title='bbox 1338 1944 1461 1993; x_wconf 91' lang='lat' dir='ltr'>pro-</span> 
     </span>
     <span class='ocr_line' id='line_1_20' title="bbox 181 2009 1462 2078; baseline 0.012 -18"><span class='ocrx_word' id='word_1_128' title='bbox 181 2009 325 2060; x_wconf 86' lang='lat' dir='ltr'>ducit</span> <span class='ocrx_word' id='word_1_129' title='bbox 354 2045 368 2066; x_wconf 92' lang='lat'>,</span> <span class='ocrx_word' id='word_1_130' title='bbox 397 2009 487 2076; x_wconf 86' lang='lat' dir='ltr'>qui</span> <span class='ocrx_word' id='word_1_131' title='bbox 519 2027 761 2078; x_wconf 79' lang='lat' dir='ltr'>magnam</span> <span class='ocrx_word' id='word_1_132' title='bbox 787 2016 983 2067; x_wconf 83' lang='lat' dir='ltr'>cladem</span> <span class='ocrx_word' id='word_1_133' title='bbox 1030 2018 1256 2071; x_wconf 79' lang='lat' dir='ltr'>hostibus</span> <span class='ocrx_word' id='word_1_134' title='bbox 1308 2025 1462 2076; x_wconf 83' lang='lat' dir='ltr'>exili-</span> 
     </span>
     <span class='ocr_line' id='line_1_21' title="bbox 178 2100 1464 2180; baseline 0.013 -30"><span class='ocrx_word' id='word_1_135' title='bbox 178 2100 389 2151; x_wconf 83' lang='lat' dir='ltr'>entibus</span> <span class='ocrx_word' id='word_1_136' title='bbox 441 2100 747 2155; x_wconf 74' lang='lat' dir='ltr'>inferebant.</span> <span class='ocrx_word' id='word_1_137' title='bbox 796 2104 976 2176; x_wconf 89' lang='lat' dir='ltr'>Itaque</span> <span class='ocrx_word' id='word_1_138' title='bbox 1027 2109 1114 2160; x_wconf 86' lang='lat' dir='ltr'>illa</span> <span class='ocrx_word' id='word_1_139' title='bbox 1165 2130 1278 2180; x_wconf 82' lang='lat' dir='ltr'>pars</span> <span class='ocrx_word' id='word_1_140' title='bbox 1327 2113 1464 2169; x_wconf 67' lang='lat' dir='ltr'>foffze</span> 
     </span>
     <span class='ocr_line' id='line_1_22' title="bbox 184 2193 1460 2278; baseline 0.015 -36"><span class='ocrx_word' id='word_1_141' title='bbox 184 2193 595 2256; x_wconf 84' lang='lat' dir='ltr'>defendebatur,</span> <span class='ocrx_word' id='word_1_142' title='bbox 647 2217 740 2250; x_wconf 84' lang='lat' dir='ltr'>nec</span> <span class='ocrx_word' id='word_1_143' title='bbox 776 2201 827 2250; x_wconf 90' lang='lat' dir='ltr'>in</span> <span class='ocrx_word' id='word_1_144' title='bbox 872 2221 986 2255; x_wconf 89' lang='lat' dir='ltr'>eam</span> <span class='ocrx_word' id='word_1_145' title='bbox 1035 2205 1228 2257; x_wconf 76' lang='lat' dir='ltr'>desilire</span> <span class='ocrx_word' id='word_1_146' title='bbox 1275 2208 1460 2278; x_wconf 81' lang='lat' dir='ltr'>aliquis</span> 
     </span>
     <span class='ocr_line' id='line_1_23' title="bbox 181 2286 1000 2359; baseline 0.013 -23"><span class='ocrx_word' id='word_1_147' title='bbox 181 2286 403 2338; x_wconf 88' lang='lat' dir='ltr'>hostium</span> <span class='ocrx_word' id='word_1_148' title='bbox 431 2289 493 2338; x_wconf 86' lang='lat' dir='ltr'>ad</span> <span class='ocrx_word' id='word_1_149' title='bbox 512 2301 713 2359; x_wconf 84' lang='lat' dir='ltr'>ternpus</span> <span class='ocrx_word' id='word_1_150' title='bbox 740 2292 885 2344; x_wconf 81' lang='lat' dir='ltr'>ausus</span> <span class='ocrx_word' id='word_1_151' title='bbox 914 2295 1000 2347; x_wconf 87' lang='lat' dir='ltr'>est.</span> 
     </span>
    </p>

    <p class='ocr_par' dir='ltr' id='par_1_3' title="bbox 185 2376 1461 2551">
     <span class='ocr_line' id='line_1_24' title="bbox 284 2376 1458 2464; baseline 0.015 -37"><span class='ocrx_word' id='word_1_152' title='bbox 284 2376 439 2428; x_wconf 82' lang='lat' dir='ltr'>DVM</span> <span class='ocrx_word' id='word_1_153' title='bbox 470 2380 576 2431; x_wconf 84' lang='lat' dir='ltr'>haec</span> <span class='ocrx_word' id='word_1_154' title='bbox 605 2397 824 2451; x_wconf 85' lang='lat' dir='ltr'>aguntur</span> <span class='ocrx_word' id='word_1_155' title='bbox 843 2423 855 2444; x_wconf 92' lang='lat'>‚</span> <span class='ocrx_word' id='word_1_156' title='bbox 880 2387 983 2438; x_wconf 87' lang='lat' dir='ltr'>dux</span> <span class='ocrx_word' id='word_1_157' title='bbox 1012 2388 1272 2442; x_wconf 77' lang='lat' dir='ltr'>Antonius</span> <span class='ocrx_word' id='word_1_158' title='bbox 1299 2412 1326 2443; x_wconf 86' lang='lat' dir='ltr'>a</span> <span class='ocrx_word' id='word_1_159' title='bbox 1350 2393 1458 2464; x_wconf 62' lang='lat' dir='ltr'>Syt-</span> 
     </span>
     <span class='ocr_line' id='line_1_25' title="bbox 185 2467 1461 2551; baseline 0.017 -35"><span class='ocrx_word' id='word_1_160' title='bbox 185 2467 322 2518; x_wconf 86' lang='lat' dir='ltr'>ueira</span> <span class='ocrx_word' id='word_1_161' title='bbox 366 2471 543 2522; x_wconf 77' lang='lat' dir='ltr'>videns</span> <span class='ocrx_word' id='word_1_162' title='bbox 574 2472 843 2528; x_wconf 86' lang='lat' dir='ltr'>discrimen</span> <span class='ocrx_word' id='word_1_163' title='bbox 890 2479 939 2532; x_wconf 89' lang='lat' dir='ltr'>in</span> <span class='ocrx_word' id='word_1_164' title='bbox 969 2500 1071 2551; x_wconf 83' lang='lat' dir='ltr'>quo</span> <span class='ocrx_word' id='word_1_165' title='bbox 1121 2485 1412 2537; x_wconf 81' lang='lat' dir='ltr'>versabatur</span> <span class='ocrx_word' id='word_1_166' title='bbox 1448 2527 1461 2547; x_wconf 86' lang='lat'><em>,</em></span> 
     </span>
    </p>
   </div>
   <div class='ocr_carea' id='block_1_3' title="bbox 179 2561 1461 2725">
    <p class='ocr_par' dir='ltr' id='par_1_4' title="bbox 179 2561 1461 2725">
     <span class='ocr_line' id='line_1_26' title="bbox 180 2561 1461 2646; baseline 0.016 -39"><span class='ocrx_word' id='word_1_167' title='bbox 180 2575 248 2608; x_wconf 77' lang='lat' dir='ltr'>ex</span> <span class='ocrx_word' id='word_1_168' title='bbox 268 2561 396 2611; x_wconf 86' lang='lat' dir='ltr'>arcis</span> <span class='ocrx_word' id='word_1_169' title='bbox 435 2563 672 2616; x_wconf 86' lang='lat' dir='ltr'>aestuariis</span> <span class='ocrx_word' id='word_1_170' title='bbox 699 2567 852 2619; x_wconf 88' lang='lat' dir='ltr'>aliam</span> <span class='ocrx_word' id='word_1_171' title='bbox 876 2574 1104 2625; x_wconf 84' lang='lat' dir='ltr'>celocem</span> <span class='ocrx_word' id='word_1_172' title='bbox 1152 2577 1461 2646; x_wconf 60' lang='lat' dir='ltr'>productam</span> 
     </span>
     <span class='ocr_line' id='line_1_27' title="bbox 179 2647 1453 2725; baseline 0.015 -29"><span class='ocrx_word' id='word_1_173' title='bbox 179 2647 244 2701; x_wconf 78' lang='lat' dir='ltr'>ad</span> <span class='ocrx_word' id='word_1_174' title='bbox 265 2647 539 2723; x_wconf 85' lang='lat' dir='ltr'>Proregem</span> <span class='ocrx_word' id='word_1_175' title='bbox 560 2653 802 2710; x_wconf 87' lang='lat' dir='ltr'>Nonium</span> <span class='ocrx_word' id='word_1_176' title='bbox 827 2679 855 2712; x_wconf 88' lang='lat' dir='ltr'>a</span> <span class='ocrx_word' id='word_1_177' title='bbox 883 2660 1074 2718; x_wconf 80' lang='lat' dir='ltr'>Cunha</span> <span class='ocrx_word' id='word_1_178' title='bbox 1104 2667 1266 2718; x_wconf 84' lang='lat' dir='ltr'>mittit</span> <span class='ocrx_word' id='word_1_179' title='bbox 1290 2703 1304 2725; x_wconf 85' lang='lat'><em>,</em></span> <span class='ocrx_word' id='word_1_180' title='bbox 1335 2665 1453 2715; x_wconf 87' lang='lat' dir='ltr'>sub-</span> 
     </span>
    </p>
   </div>
   <div class='ocr_carea' id='block_1_4' title="bbox 1308 2759 1423 2813">
    <p class='ocr_par' dir='ltr' id='par_1_5' title="bbox 1308 2759 1423 2813">
     <span class='ocr_line' id='line_1_28' title="bbox 1308 2759 1423 2813; baseline 0.026 -3"><span class='ocrx_word' id='word_1_181' title='bbox 1308 2759 1423 2813; x_wconf 81' lang='lat' dir='ltr'>fidi-</span> 
     </span>
    </p>
   </div>
  </div>
 </body>
</html>
