1931 3239
239 225 410 263 rxDEs
436 220 687 258 mammo
720 217 991 268 MoRESQ
1022 221 1329 261 AETffiop,
1378 223 1474 262 201

193 337 239 390 ’„
265 328 360 378 hoc
386 344 489 376 non
516 325 665 394 plane
692 324 795 374 scio
821 324 942 392 quid
967 324 1133 373 dictim
1157 362 1170 382 ‚
1202 341 1287 375 aut
1311 333 1484 380 omni-

196 457 237 480 „
265 436 331 468 no
357 416 543 467 faciam
569 436 688 469 cum
716 420 823 469 haec
875 438 903 469 a
959 419 1075 470 Deo
1129 420 1361 471 ordinata
1391 426 1484 475 effe

192 549 238 573 ‚2
253 512 535 563 videantur.
561 512 793 565 Domine
822 515 893 564 mi
922 515 1091 572 mitte,
1122 513 1351 572 obsecro,
1385 514 1486 564 fre-

191 646 234 668 ‚,
256 623 473 677 quentes
505 611 567 660 ad
598 628 680 661 me
708 611 926 661 nuncios
948 649 961 669 ,
991 627 1111 660 nam
1134 626 1254 658 cnm
1285 608 1485 658 litteras

171 697 234 765 ‘„
253 717 365 755 tuas
403 705 552 755 video
573 743 586 764 ,
633 706 830 756 vultum
880 721 1016 756 certe
1063 718 1211 755 tuum
1259 704 1482 756 inme-or.

189 827 232 852 ‚,
262 791 533 860 Qoniam
562 795 723 846 maior
762 795 994 846 amicitia
1021 793 1185 843 oritur
1212 793 1345 842 inter
1374 793 1488 843 lon-

193 922 230 944 „
259 887 477 954 ginquos
507 927 521 948 ,
570 889 839 946 distante8‚
891 904 1045 955 quam
1096 887 1230 935 inter
1282 905 1371 936 eos
1400 885 1489 954 qni

191 1012 231 1035 ‚,
259 979 534 1046 propinqui
558 979 670 1030 sunt
691 1018 704 1038 ,
729 991 937 1048 propter
955 976 1258 1027 desiderium
1289 994 1392 1045 quo
1414 991 1489 1027 te-

191 1105 230 1128 „
258 1081 460 1119 nentur.
503 1070 646 1121 Nam
676 1071 716 1120 is
746 1072 832 1137 qui
859 1071 1149 1120 reconditos
1186 1070 1339 1119 habet
1367 1069 1485 1119 the-

189 1202 204 1225 ,
223 1203 236 1224 ,
266 1163 435 1215 sauros
460 1204 473 1224 ,
517 1185 634 1217 cum
654 1186 738 1218 eos
766 1169 930 1218 oculis
958 1186 1062 1218 nen
1091 1168 1260 1216 videat
1286 1205 1299 1228 ,
1334 1169 1491 1217 corde

196 1297 232 1319 ,‚
258 1259 455 1330 semper
472 1300 485 1321 ‚
507 1264 556 1312 &
576 1264 783 1332 quidem
814 1263 1248 1314 vehementiffime
1277 1261 1450 1331 diligit
1474 1299 1487 1320 ,

196 1393 235 1416 ,‚
264 1356 403 1406 sicuti
430 1357 691 1410 Dominus
721 1359 861 1411 Iesus
891 1359 1124 1411 Christus
1163 1361 1215 1409 in
1249 1357 1486 1426 Evange-

195 1484 235 1508 ‚,
262 1448 333 1498 lio
358 1450 483 1500 dicit
509 1489 522 1510 ‚
578 1452 670 1504 Vbi
711 1451 964 1524 thesaurus
988 1465 1100 1503 tuus
1127 1489 1140 1509 ,
1182 1449 1254 1499 ibi
1282 1469 1363 1499 cyr
1394 1461 1484 1499 tu-

200 1575 237 1597 ,‚
272 1559 348 1589 um
377 1561 389 1590 ε
435 1542 505 1592 ita
530 1561 618 1594 cor
646 1562 822 1595 meum
850 1545 983 1614 apud
1013 1557 1061 1593 te
1100 1542 1170 1592 est
1194 1580 1207 1601 ‚
1248 1558 1406 1609 quum
1435 1554 1491 1590 tu

197 1670 235 1692 „
261 1633 365 1703 ipse
385 1654 528 1687 meus
546 1639 604 1688 sis
632 1638 888 1690 thesaurus
916 1678 928 1698 ,
965 1639 1011 1688 ἃ
1040 1651 1093 1686 ’ω
1122 1636 1316 1705 pariter
1347 1654 1430 1685 me
1478 1671 1492 1692 ,

193 1760 234 1782 ‚‚
255 1737 401 1775 tuum
423 1727 712 1780 thesaurum
734 1731 884 1779 debes
912 1728 1108 1777 efficere
1133 1765 1144 1786 ‚
1164 1728 1345 1777 &cum
1370 1743 1490 1774 meo

197 1851 237 1873 2,
261 1830 406 1868 tuum
427 1840 513 1871 cor
531 1822 734 1891 syncere
760 1823 1020 1891 copulare.
1048 1819 1100 1871 O
1127 1821 1360 1871 Domine
1384 1818 1489 1867 fra-

202 1940 241 1962 s,
270 1916 346 1955 ter
373 1908 509 1961 serva
534 1916 745 1963 verbum
775 1914 871 1963 hoc
897 1950 911 1971 ‚
953 1929 1071 1961 nam
1125 1928 1177 1958 es
1204 1906 1493 1977 prudentis-

200 2043 245 2066 ‚,
269 2006 420 2056 fimus
446 2043 459 2063 ,
484 2005 533 2054 ἓξ
563 2006 652 2074 (vti
674 2005 846 2056 audio&
890 2007 1024 2076 patri
1052 2006 1104 2054 in
1134 2002 1383 2071 sapientia
1420 1999 1485 2049 s1-

209 2138 246 2160 „
275 2099 417 2150 milis
447 2137 460 2158 ‚
500 2099 548 2148 δζ
584 2099 643 2149 de
678 2099 776 2149 hac
818 2118 869 2149 re
909 2099 1116 2168 cognita
1163 2099 1331 2149 statim
1364 2097 1483 2147 Deo

201 2228 240 2251 ,‚
267 2192 450 2260 gratias
471 2192 550 2261 egi
586 2229 597 2250 ,
649 2191 948 2260 abie&oque
974 2192 1148 2242 dolore
1173 2229 1185 2249 ‚
1236 2189 1484 2258 gaudium

204 2324 240 2348 ,‚
269 2303 297 2334 a
319 2302 400 2334 me
418 2284 702 2354 susceptum
729 2284 795 2335 est
824 2323 838 2344 ,
883 2287 932 2337 δε
979 2285 1082 2334 dim
1114 2322 1125 2341 ,
1180 2281 1486 2331 benedidhts

205 2411 243 2434 ,‚
271 2375 329 2425 fit
354 2376 487 2426 filius
533 2375 728 2445 sapiens
777 2378 826 2428 δε
883 2378 1056 2447 magni
1085 2375 1271 2445 capitis
1297 2413 1308 2432 ‚
1352 2375 1489 2424 filius

201 2503 239 2525 „
267 2464 425 2535 Regis
455 2466 808 2517 Emmanuelis
841 2506 855 2527 ,
893 2468 978 2536 qui
1009 2466 1143 2517 sedet
1173 2467 1224 2516 in
1255 2466 1497 2515 cathedra

202 2596 245 2619 „
266 2579 541 2629 regnorum
585 2561 809 2612 suornm.
873 2561 1105 2612 Domine
1159 2560 1231 2610 mi
1284 2576 1402 2608 cave
1431 2575 1494 2605 ne

203 2686 240 2712 „
269 2652 562 2723 defatigeris
587 2692 602 2715 ‚
653 2670 775 2704 cum
824 2651 885 2701 fis
931 2651 1082 2705 sortis
1133 2669 1237 2702 non
1268 2650 1407 2700 secus
1435 2658 1494 2690 ac

772 2743 812 2795 P
851 2759 882 2799 2,
1353 2748 1494 2805 puer
