<?xml version="1.0" encoding="UTF-8"?>
<!DOCTYPE html PUBLIC "-//W3C//DTD XHTML 1.0 Transitional//EN"
    "http://www.w3.org/TR/xhtml1/DTD/xhtml1-transitional.dtd">
<html xmlns="http://www.w3.org/1999/xhtml" xml:lang="en" lang="en">
 <head>
  <title>
</title>
<meta http-equiv="Content-Type" content="text/html;charset=utf-8" />
  <meta name='ocr-system' content='tesseract 3.04.00' />
  <meta name='ocr-capabilities' content='ocr_page ocr_carea ocr_par ocr_line ocrx_word'/>
</head>
<body>
  <div class='ocr_page' id='page_1' title='image "./damianigoesopusc00gi_0177.png"; bbox 0 0 1931 3239; ppageno 0'>
   <div class='ocr_carea' id='block_1_1' title="bbox 286 229 1359 292">
    <p class='ocr_par' dir='ltr' id='par_1_1' title="bbox 286 229 1359 292">
     <span class='ocr_line' id='line_1_1' title="bbox 286 229 1359 292; baseline -0.007 -18"><span class='ocrx_word' id='word_1_1' title='bbox 286 234 521 273; x_wconf 81' lang='lat' dir='ltr'>DIENSIS</span> <span class='ocrx_word' id='word_1_2' title='bbox 569 229 754 267; x_wconf 71' lang='lat' dir='ltr'>vnms</span> <span class='ocrx_word' id='word_1_3' title='bbox 784 229 1181 270; x_wconf 81' lang='lat' dir='ltr'>OPPVGNATIO</span> <span class='ocrx_word' id='word_1_4' title='bbox 1261 236 1359 292; x_wconf 64' lang='lat'>143</span> 
     </span>
    </p>
   </div>
   <div class='ocr_carea' id='block_1_2' title="bbox 127 334 1402 1063">
    <p class='ocr_par' dir='ltr' id='par_1_2' title="bbox 127 334 1402 1063">
     <span class='ocr_line' id='line_1_2' title="bbox 138 334 1400 409; baseline -0.002 -21"><span class='ocrx_word' id='word_1_5' title='bbox 138 336 393 409; x_wconf 77' lang='lat' dir='ltr'>fringitur.</span> <span class='ocrx_word' id='word_1_6' title='bbox 437 334 556 402; x_wconf 81' lang='lat' dir='ltr'>Qa</span> <span class='ocrx_word' id='word_1_7' title='bbox 583 334 722 386; x_wconf 87' lang='lat' dir='ltr'>clade</span> <span class='ocrx_word' id='word_1_8' title='bbox 743 348 948 405; x_wconf 87' lang='lat' dir='ltr'>accepta</span> <span class='ocrx_word' id='word_1_9' title='bbox 972 373 986 394; x_wconf 89' lang='lat'><strong><em>,</em></strong></span> <span class='ocrx_word' id='word_1_10' title='bbox 1005 336 1168 387; x_wconf 87' lang='lat' dir='ltr'>hostes</span> <span class='ocrx_word' id='word_1_11' title='bbox 1197 355 1223 386; x_wconf 93' lang='lat' dir='ltr'>a</span> <span class='ocrx_word' id='word_1_12' title='bbox 1245 355 1400 387; x_wconf 86' lang='lat' dir='ltr'>naua-</span> 
     </span>
     <span class='ocr_line' id='line_1_3' title="bbox 135 429 1401 504; baseline -0.002 -23"><span class='ocrx_word' id='word_1_13' title='bbox 135 440 173 489; x_wconf 78' lang='lat' dir='ltr'>li</span> <span class='ocrx_word' id='word_1_14' title='bbox 225 430 599 504; x_wconf 82' lang='lat' dir='ltr'>oppugnatione</span> <span class='ocrx_word' id='word_1_15' title='bbox 627 429 904 479; x_wconf 84' lang='lat' dir='ltr'>abstinuere</span> <span class='ocrx_word' id='word_1_16' title='bbox 937 467 951 489; x_wconf 89' lang='lat'><em>,</em></span> <span class='ocrx_word' id='word_1_17' title='bbox 979 430 1183 481; x_wconf 80' lang='lat' dir='ltr'>interim</span> <span class='ocrx_word' id='word_1_18' title='bbox 1229 442 1401 480; x_wconf 88' lang='lat' dir='ltr'>tamen</span> 
     </span>
     <span class='ocr_line' id='line_1_4' title="bbox 133 523 1398 593; baseline -0.006 -12"><span class='ocrx_word' id='word_1_19' title='bbox 133 527 353 581; x_wconf 86' lang='lat' dir='ltr'>terrestre</span> <span class='ocrx_word' id='word_1_20' title='bbox 380 538 636 574; x_wconf 85' lang='lat' dir='ltr'>certamen</span> <span class='ocrx_word' id='word_1_21' title='bbox 675 523 840 592; x_wconf 77' lang='lat' dir='ltr'>magis</span> <span class='ocrx_word' id='word_1_22' title='bbox 863 523 1120 593; x_wconf 83' lang='lat' dir='ltr'>magisque</span> <span class='ocrx_word' id='word_1_23' title='bbox 1160 524 1360 592; x_wconf 84' lang='lat' dir='ltr'>vigebat</span> <span class='ocrx_word' id='word_1_24' title='bbox 1382 561 1398 582; x_wconf 89' lang='lat'><em>,</em></span> 
     </span>
     <span class='ocr_line' id='line_1_5' title="bbox 128 616 1400 691; baseline -0.005 -19"><span class='ocrx_word' id='word_1_25' title='bbox 128 622 178 671; x_wconf 91' lang='lat'>&amp;</span> <span class='ocrx_word' id='word_1_26' title='bbox 203 637 387 691; x_wconf 86' lang='lat' dir='ltr'>magna</span> <span class='ocrx_word' id='word_1_27' title='bbox 412 617 740 673; x_wconf 77' lang='lat' dir='ltr'>contentione</span> <span class='ocrx_word' id='word_1_28' title='bbox 767 616 948 668; x_wconf 90' lang='lat' dir='ltr'>iterum</span> <span class='ocrx_word' id='word_1_29' title='bbox 996 617 1048 667; x_wconf 90' lang='lat' dir='ltr'>in</span> <span class='ocrx_word' id='word_1_30' title='bbox 1076 616 1269 666; x_wconf 88' lang='lat' dir='ltr'>nostros</span> <span class='ocrx_word' id='word_1_31' title='bbox 1298 617 1400 666; x_wconf 91' lang='lat' dir='ltr'>im-</span> 
     </span>
     <span class='ocr_line' id='line_1_6' title="bbox 130 711 1398 783; baseline -0.004 -18"><span class='ocrx_word' id='word_1_32' title='bbox 130 729 275 783; x_wconf 83' lang='lat' dir='ltr'>petus</span> <span class='ocrx_word' id='word_1_33' title='bbox 330 712 386 763; x_wconf 89' lang='lat' dir='ltr'>fit</span> <span class='ocrx_word' id='word_1_34' title='bbox 426 712 664 762; x_wconf 78' lang='lat' dir='ltr'>hostium.</span> <span class='ocrx_word' id='word_1_35' title='bbox 734 711 973 780; x_wconf 87' lang='lat' dir='ltr'>Denique</span> <span class='ocrx_word' id='word_1_36' title='bbox 1017 711 1189 761; x_wconf 78' lang='lat' dir='ltr'>extitit</span> <span class='ocrx_word' id='word_1_37' title='bbox 1245 724 1398 779; x_wconf 86' lang='lat' dir='ltr'>atque</span> 
     </span>
     <span class='ocr_line' id='line_1_7' title="bbox 129 804 1402 878; baseline -0.002 -20"><span class='ocrx_word' id='word_1_38' title='bbox 129 804 463 878; x_wconf 87' lang='lat' dir='ltr'>perseuerauit</span> <span class='ocrx_word' id='word_1_39' title='bbox 484 805 749 856; x_wconf 84' lang='lat' dir='ltr'>dimicatio</span> <span class='ocrx_word' id='word_1_40' title='bbox 779 806 886 857; x_wconf 84' lang='lat' dir='ltr'>haec</span> <span class='ocrx_word' id='word_1_41' title='bbox 915 805 974 854; x_wconf 90' lang='lat' dir='ltr'>ad</span> <span class='ocrx_word' id='word_1_42' title='bbox 997 804 1221 874; x_wconf 84' lang='lat' dir='ltr'>spacium</span> <span class='ocrx_word' id='word_1_43' title='bbox 1249 806 1402 874; x_wconf 87' lang='lat' dir='ltr'>quin-</span> 
     </span>
     <span class='ocr_line' id='line_1_8' title="bbox 129 897 1401 972; baseline -0.004 -20"><span class='ocrx_word' id='word_1_44' title='bbox 129 921 227 972; x_wconf 82' lang='lat' dir='ltr'>que</span> <span class='ocrx_word' id='word_1_45' title='bbox 266 902 504 951; x_wconf 87' lang='lat' dir='ltr'>horarum</span> <span class='ocrx_word' id='word_1_46' title='bbox 532 939 547 961; x_wconf 87' lang='lat'><em>,</em></span> <span class='ocrx_word' id='word_1_47' title='bbox 587 919 648 951; x_wconf 92' lang='lat' dir='ltr'>eo</span> <span class='ocrx_word' id='word_1_48' title='bbox 693 902 880 959; x_wconf 86' lang='lat' dir='ltr'>modo,</span> <span class='ocrx_word' id='word_1_49' title='bbox 917 913 970 950; x_wconf 91' lang='lat' dir='ltr'>vt</span> <span class='ocrx_word' id='word_1_50' title='bbox 1014 898 1193 967; x_wconf 72' lang='lat' dir='ltr'>saepius</span> <span class='ocrx_word' id='word_1_51' title='bbox 1245 897 1401 948; x_wconf 83' lang='lat' dir='ltr'>nostri</span> 
     </span>
     <span class='ocr_line' id='line_1_9' title="bbox 127 995 1397 1063; baseline 0 -17"><span class='ocrx_word' id='word_1_52' title='bbox 127 997 189 1046; x_wconf 81' lang='lat' dir='ltr'>ab</span> <span class='ocrx_word' id='word_1_53' title='bbox 210 995 432 1046; x_wconf 88' lang='lat' dir='ltr'>hostibus</span> <span class='ocrx_word' id='word_1_54' title='bbox 457 996 520 1046; x_wconf 89' lang='lat' dir='ltr'>ad</span> <span class='ocrx_word' id='word_1_55' title='bbox 537 1008 828 1047; x_wconf 85' lang='lat' dir='ltr'>extremum</span> <span class='ocrx_word' id='word_1_56' title='bbox 856 1013 980 1046; x_wconf 85' lang='lat' dir='ltr'>areae</span> <span class='ocrx_word' id='word_1_57' title='bbox 1002 995 1365 1063; x_wconf 81' lang='lat' dir='ltr'>repellerentur</span> <span class='ocrx_word' id='word_1_58' title='bbox 1384 1033 1397 1052; x_wconf 91' lang='lat'><em>,</em></span> 
     </span>
    </p>
   </div>
   <div class='ocr_carea' id='block_1_3' title="bbox 128 1085 1400 1244">
    <p class='ocr_par' dir='ltr' id='par_1_3' title="bbox 128 1085 1400 1244">
     <span class='ocr_line' id='line_1_10' title="bbox 128 1085 1394 1137; baseline -0.002 -1"><span class='ocrx_word' id='word_1_59' title='bbox 128 1099 302 1137; x_wconf 85' lang='lat' dir='ltr'>contra</span> <span class='ocrx_word' id='word_1_60' title='bbox 347 1085 506 1136; x_wconf 87' lang='lat' dir='ltr'>hostes</span> <span class='ocrx_word' id='word_1_61' title='bbox 551 1104 579 1136; x_wconf 91' lang='lat' dir='ltr'>a</span> <span class='ocrx_word' id='word_1_62' title='bbox 604 1086 783 1137; x_wconf 86' lang='lat' dir='ltr'>nostris</span> <span class='ocrx_word' id='word_1_63' title='bbox 829 1087 1158 1137; x_wconf 86' lang='lat' dir='ltr'>reiicerentur</span> <span class='ocrx_word' id='word_1_64' title='bbox 1196 1087 1259 1136; x_wconf 90' lang='lat' dir='ltr'>ad</span> <span class='ocrx_word' id='word_1_65' title='bbox 1287 1100 1394 1135; x_wconf 86' lang='lat' dir='ltr'>tur·</span> 
     </span>
     <span class='ocr_line' id='line_1_11' title="bbox 134 1173 1400 1244; baseline -0.006 -14"><span class='ocrx_word' id='word_1_66' title='bbox 134 1178 235 1230; x_wconf 82' lang='lat' dir='ltr'>rim</span> <span class='ocrx_word' id='word_1_67' title='bbox 262 1173 413 1243; x_wconf 78' lang='lat' dir='ltr'>Vsque</span> <span class='ocrx_word' id='word_1_68' title='bbox 440 1194 528 1244; x_wconf 86' lang='lat' dir='ltr'>per</span> <span class='ocrx_word' id='word_1_69' title='bbox 549 1193 702 1242; x_wconf 86' lang='lat' dir='ltr'>quam</span> <span class='ocrx_word' id='word_1_70' title='bbox 729 1174 923 1243; x_wconf 86' lang='lat' dir='ltr'>ingresfi</span> <span class='ocrx_word' id='word_1_71' title='bbox 949 1188 1090 1225; x_wconf 91' lang='lat' dir='ltr'>erant</span> <span class='ocrx_word' id='word_1_72' title='bbox 1116 1212 1132 1233; x_wconf 83' lang='lat'>,</span> <span class='ocrx_word' id='word_1_73' title='bbox 1152 1191 1307 1242; x_wconf 88' lang='lat' dir='ltr'>quam</span> <span class='ocrx_word' id='word_1_74' title='bbox 1338 1191 1400 1223; x_wconf 89' lang='lat' dir='ltr'>ne</span> 
     </span>
    </p>
   </div>
   <div class='ocr_carea' id='block_1_4' title="bbox 122 1266 1404 2637">
    <p class='ocr_par' dir='ltr' id='par_1_4' title="bbox 122 1266 1404 2637">
     <span class='ocr_line' id='line_1_12' title="bbox 135 1266 1396 1328; baseline -0.004 -8"><span class='ocrx_word' id='word_1_75' title='bbox 135 1269 399 1321; x_wconf 80' lang='lat' dir='ltr'>transirent</span> <span class='ocrx_word' id='word_1_76' title='bbox 422 1306 434 1328; x_wconf 90' lang='lat'>,</span> <span class='ocrx_word' id='word_1_77' title='bbox 475 1270 574 1319; x_wconf 78' lang='lat' dir='ltr'>duo</span> <span class='ocrx_word' id='word_1_78' title='bbox 597 1266 815 1318; x_wconf 87' lang='lat' dir='ltr'>hostium</span> <span class='ocrx_word' id='word_1_79' title='bbox 845 1267 995 1317; x_wconf 88' lang='lat' dir='ltr'>duces</span> <span class='ocrx_word' id='word_1_80' title='bbox 1020 1304 1034 1325; x_wconf 88' lang='lat'>,</span> <span class='ocrx_word' id='word_1_81' title='bbox 1078 1284 1107 1317; x_wconf 89' lang='lat' dir='ltr'>a</span> <span class='ocrx_word' id='word_1_82' title='bbox 1133 1267 1269 1317; x_wconf 83' lang='lat' dir='ltr'>calce</span> <span class='ocrx_word' id='word_1_83' title='bbox 1333 1266 1396 1316; x_wconf 78' lang='lat' dir='ltr'>ad</span> 
     </span>
     <span class='ocr_line' id='line_1_13' title="bbox 129 1361 1400 1431; baseline -0.002 -17"><span class='ocrx_word' id='word_1_84' title='bbox 129 1365 371 1415; x_wconf 82' lang='lat' dir='ltr'>verticem</span> <span class='ocrx_word' id='word_1_85' title='bbox 415 1361 569 1431; x_wconf 80' lang='lat' dir='ltr'>Vsque</span> <span class='ocrx_word' id='word_1_86' title='bbox 613 1362 793 1413; x_wconf 87' lang='lat' dir='ltr'>armati</span> <span class='ocrx_word' id='word_1_87' title='bbox 837 1362 899 1412; x_wconf 94' lang='lat' dir='ltr'>ad</span> <span class='ocrx_word' id='word_1_88' title='bbox 948 1361 1056 1412; x_wconf 86' lang='lat' dir='ltr'>eius</span> <span class='ocrx_word' id='word_1_89' title='bbox 1076 1363 1266 1412; x_wconf 81' lang='lat' dir='ltr'>radices</span> <span class='ocrx_word' id='word_1_90' title='bbox 1291 1380 1400 1412; x_wconf 89' lang='lat' dir='ltr'>ver-</span> 
     </span>
     <span class='ocr_line' id='line_1_14' title="bbox 128 1454 1402 1526; baseline -0.002 -18"><span class='ocrx_word' id='word_1_91' title='bbox 128 1457 378 1508; x_wconf 80' lang='lat' dir='ltr'>sabantur.</span> <span class='ocrx_word' id='word_1_92' title='bbox 421 1456 470 1508; x_wconf 86' lang='lat' dir='ltr'><strong>A</strong></span> <span class='ocrx_word' id='word_1_93' title='bbox 492 1458 674 1526; x_wconf 86' lang='lat' dir='ltr'>quibus</span> <span class='ocrx_word' id='word_1_94' title='bbox 694 1474 871 1506; x_wconf 89' lang='lat' dir='ltr'>omnes</span> <span class='ocrx_word' id='word_1_95' title='bbox 907 1454 981 1506; x_wconf 83' lang='lat' dir='ltr'>sui</span> <span class='ocrx_word' id='word_1_96' title='bbox 1020 1456 1252 1507; x_wconf 87' lang='lat' dir='ltr'>militese</span> <span class='ocrx_word' id='word_1_97' title='bbox 1275 1455 1402 1506; x_wconf 85' lang='lat' dir='ltr'>turri</span> 
     </span>
     <span class='ocr_line' id='line_1_15' title="bbox 128 1546 1403 1617; baseline -0.002 -18"><span class='ocrx_word' id='word_1_98' title='bbox 128 1549 406 1600; x_wconf 80' lang='lat' dir='ltr'>desilientes</span> <span class='ocrx_word' id='word_1_99' title='bbox 439 1588 452 1607; x_wconf 93' lang='lat'>,</span> <span class='ocrx_word' id='word_1_100' title='bbox 503 1562 589 1600; x_wconf 87' lang='lat' dir='ltr'>aut</span> <span class='ocrx_word' id='word_1_101' title='bbox 621 1548 846 1617; x_wconf 80' lang='lat' dir='ltr'>aggredi</span> <span class='ocrx_word' id='word_1_102' title='bbox 904 1566 1017 1599; x_wconf 85' lang='lat' dir='ltr'>eam</span> <span class='ocrx_word' id='word_1_103' title='bbox 1083 1546 1364 1597; x_wconf 83' lang='lat' dir='ltr'>recusantes</span> <span class='ocrx_word' id='word_1_104' title='bbox 1390 1587 1403 1607; x_wconf 81' lang='lat'>,</span> 
     </span>
     <span class='ocr_line' id='line_1_16' title="bbox 127 1642 1404 1712; baseline -0.003 -16"><span class='ocrx_word' id='word_1_105' title='bbox 127 1642 316 1712; x_wconf 83' lang='lat' dir='ltr'>spathis</span> <span class='ocrx_word' id='word_1_106' title='bbox 340 1679 352 1700; x_wconf 93' lang='lat'>‚</span> <span class='ocrx_word' id='word_1_107' title='bbox 403 1661 526 1710; x_wconf 79' lang='lat' dir='ltr'>quas</span> <span class='ocrx_word' id='word_1_108' title='bbox 566 1656 772 1710; x_wconf 79' lang='lat' dir='ltr'>Vtraque</span> <span class='ocrx_word' id='word_1_109' title='bbox 810 1659 963 1692; x_wconf 89' lang='lat' dir='ltr'>manu</span> <span class='ocrx_word' id='word_1_110' title='bbox 990 1643 1228 1710; x_wconf 80' lang='lat' dir='ltr'>gerebant</span> <span class='ocrx_word' id='word_1_111' title='bbox 1250 1680 1265 1700; x_wconf 89' lang='lat'>,</span> <span class='ocrx_word' id='word_1_112' title='bbox 1295 1656 1404 1692; x_wconf 86' lang='lat' dir='ltr'>tru-</span> 
     </span>
     <span class='ocr_line' id='line_1_17' title="bbox 126 1732 1402 1802; baseline 0 -21"><span class='ocrx_word' id='word_1_113' title='bbox 126 1732 443 1784; x_wconf 85' lang='lat' dir='ltr'>cidabantur.</span> <span class='ocrx_word' id='word_1_114' title='bbox 489 1732 537 1783; x_wconf 84' lang='lat' dir='ltr'>Ii</span> <span class='ocrx_word' id='word_1_115' title='bbox 566 1748 740 1783; x_wconf 88' lang='lat' dir='ltr'>tamen</span> <span class='ocrx_word' id='word_1_116' title='bbox 784 1753 812 1784; x_wconf 92' lang='lat' dir='ltr'>a</span> <span class='ocrx_word' id='word_1_117' title='bbox 840 1733 1017 1785; x_wconf 86' lang='lat' dir='ltr'>nostris</span> <span class='ocrx_word' id='word_1_118' title='bbox 1047 1750 1110 1782; x_wconf 80' lang='lat' dir='ltr'>ex</span> <span class='ocrx_word' id='word_1_119' title='bbox 1127 1733 1258 1782; x_wconf 85' lang='lat' dir='ltr'>arcis</span> <span class='ocrx_word' id='word_1_120' title='bbox 1285 1733 1402 1802; x_wconf 83' lang='lat' dir='ltr'>pin-</span> 
     </span>
     <span class='ocr_line' id='line_1_18' title="bbox 125 1826 1400 1895; baseline 0.002 -21"><span class='ocrx_word' id='word_1_121' title='bbox 125 1826 204 1875; x_wconf 80' lang='lat' dir='ltr'>nis</span> <span class='ocrx_word' id='word_1_122' title='bbox 228 1863 241 1883; x_wconf 88' lang='lat'><em>,</em></span> <span class='ocrx_word' id='word_1_123' title='bbox 276 1826 462 1876; x_wconf 59' lang='lat' dir='ltr'>istibus</span> <span class='ocrx_word' id='word_1_124' title='bbox 489 1828 853 1878; x_wconf 87' lang='lat' dir='ltr'>arcubutorum</span> <span class='ocrx_word' id='word_1_125' title='bbox 903 1828 1027 1895; x_wconf 78' lang='lat' dir='ltr'>saepe</span> <span class='ocrx_word' id='word_1_126' title='bbox 1071 1827 1217 1894; x_wconf 83' lang='lat' dir='ltr'>petiti</span> <span class='ocrx_word' id='word_1_127' title='bbox 1245 1863 1258 1883; x_wconf 89' lang='lat'>‚</span> <span class='ocrx_word' id='word_1_128' title='bbox 1287 1838 1400 1876; x_wconf 90' lang='lat' dir='ltr'>tan-</span> 
     </span>
     <span class='ocr_line' id='line_1_19' title="bbox 127 1918 1399 1988; baseline 0.002 -21"><span class='ocrx_word' id='word_1_129' title='bbox 127 1918 243 1968; x_wconf 89' lang='lat' dir='ltr'>dem</span> <span class='ocrx_word' id='word_1_130' title='bbox 265 1920 470 1988; x_wconf 82' lang='lat' dir='ltr'>oppreffi</span> <span class='ocrx_word' id='word_1_131' title='bbox 498 1920 627 1970; x_wconf 85' lang='lat' dir='ltr'>sunt.</span> <span class='ocrx_word' id='word_1_132' title='bbox 672 1920 755 1970; x_wconf 86' lang='lat' dir='ltr'>Ab</span> <span class='ocrx_word' id='word_1_133' title='bbox 776 1921 888 1970; x_wconf 83' lang='lat' dir='ltr'>aliis</span> <span class='ocrx_word' id='word_1_134' title='bbox 916 1922 1070 1970; x_wconf 81' lang='lat' dir='ltr'>etiam</span> <span class='ocrx_word' id='word_1_135' title='bbox 1121 1920 1399 1979; x_wconf 78' lang='lat' dir='ltr'>lateribus,</span> 
     </span>
     <span class='ocr_line' id='line_1_20' title="bbox 126 2008 1388 2080; baseline 0.002 -23"><span class='ocrx_word' id='word_1_136' title='bbox 126 2008 179 2058; x_wconf 87' lang='lat' dir='ltr'>in</span> <span class='ocrx_word' id='word_1_137' title='bbox 221 2028 391 2061; x_wconf 85' lang='lat' dir='ltr'>arcem</span> <span class='ocrx_word' id='word_1_138' title='bbox 427 2013 553 2080; x_wconf 88' lang='lat' dir='ltr'>pilla</span> <span class='ocrx_word' id='word_1_139' title='bbox 575 2050 587 2070; x_wconf 83' lang='lat'><em>.</em></span> <span class='ocrx_word' id='word_1_140' title='bbox 629 2015 676 2063; x_wconf 69' lang='grc' dir='ltr'>δε</span> <span class='ocrx_word' id='word_1_141' title='bbox 704 2011 881 2080; x_wconf 77' lang='lat' dir='ltr'>globos</span> <span class='ocrx_word' id='word_1_142' title='bbox 912 2012 1088 2079; x_wconf 81' lang='lat' dir='ltr'>igneos</span> <span class='ocrx_word' id='word_1_143' title='bbox 1115 2009 1280 2060; x_wconf 78' lang='lat' dir='ltr'>hostes</span> <span class='ocrx_word' id='word_1_144' title='bbox 1301 2009 1388 2059; x_wconf 85' lang='lat' dir='ltr'>de·</span> 
     </span>
     <span class='ocr_line' id='line_1_21' title="bbox 124 2099 1387 2171; baseline -0.001 -21"><span class='ocrx_word' id='word_1_145' title='bbox 124 2101 431 2162; x_wconf 86' lang='lat' dir='ltr'>uoluebant,</span> <span class='ocrx_word' id='word_1_146' title='bbox 473 2104 704 2171; x_wconf 87' lang='lat' dir='ltr'>aquibus</span> <span class='ocrx_word' id='word_1_147' title='bbox 731 2102 859 2153; x_wconf 88' lang='lat' dir='ltr'>mire</span> <span class='ocrx_word' id='word_1_148' title='bbox 907 2102 1058 2153; x_wconf 83' lang='lat' dir='ltr'>nostri</span> <span class='ocrx_word' id='word_1_149' title='bbox 1105 2101 1203 2152; x_wconf 74' lang='lat' dir='ltr'>laefi</span> <span class='ocrx_word' id='word_1_150' title='bbox 1259 2099 1387 2151; x_wconf 87' lang='lat' dir='ltr'>fuis-</span> 
     </span>
     <span class='ocr_line' id='line_1_22' title="bbox 127 2192 1383 2263; baseline -0.002 -19"><span class='ocrx_word' id='word_1_151' title='bbox 127 2194 234 2244; x_wconf 88' lang='lat' dir='ltr'>sent</span> <span class='ocrx_word' id='word_1_152' title='bbox 256 2233 271 2254; x_wconf 88' lang='lat'><em>,</em></span> <span class='ocrx_word' id='word_1_153' title='bbox 312 2195 402 2245; x_wconf 81' lang='lat' dir='ltr'>nifi</span> <span class='ocrx_word' id='word_1_154' title='bbox 426 2195 746 2263; x_wconf 85' lang='lat' dir='ltr'>prouidentia</span> <span class='ocrx_word' id='word_1_155' title='bbox 775 2194 939 2246; x_wconf 85' lang='lat' dir='ltr'>Ducis</span> <span class='ocrx_word' id='word_1_156' title='bbox 967 2193 1184 2244; x_wconf 76' lang='lat' dir='ltr'>Antonii</span> <span class='ocrx_word' id='word_1_157' title='bbox 1254 2192 1383 2243; x_wconf 91' lang='lat' dir='ltr'>libe-</span> 
     </span>
     <span class='ocr_line' id='line_1_23' title="bbox 122 2286 1387 2356; baseline -0.004 -17"><span class='ocrx_word' id='word_1_158' title='bbox 122 2287 218 2339; x_wconf 80' lang='lat' dir='ltr'>rati</span> <span class='ocrx_word' id='word_1_159' title='bbox 246 2288 395 2338; x_wconf 73' lang='lat' dir='ltr'>effent</span> <span class='ocrx_word' id='word_1_160' title='bbox 415 2325 428 2345; x_wconf 92' lang='lat'>,</span> <span class='ocrx_word' id='word_1_161' title='bbox 451 2288 540 2355; x_wconf 89' lang='lat' dir='ltr'>qui</span> <span class='ocrx_word' id='word_1_162' title='bbox 569 2289 719 2338; x_wconf 58' lang='lat' dir='ltr'>nodie</span> <span class='ocrx_word' id='word_1_163' title='bbox 745 2288 1004 2356; x_wconf 82' lang='lat' dir='ltr'>pridiana,</span> <span class='ocrx_word' id='word_1_164' title='bbox 1043 2287 1140 2336; x_wconf 85' lang='lat' dir='ltr'>hoc</span> <span class='ocrx_word' id='word_1_165' title='bbox 1164 2286 1352 2336; x_wconf 88' lang='lat' dir='ltr'>timens</span> <span class='ocrx_word' id='word_1_166' title='bbox 1374 2322 1387 2342; x_wconf 93' lang='lat'><em>,</em></span> 
     </span>
     <span class='ocr_line' id='line_1_24' title="bbox 131 2379 1400 2449; baseline -0.003 -19"><span class='ocrx_word' id='word_1_167' title='bbox 131 2379 278 2449; x_wconf 82' lang='lat' dir='ltr'>super</span> <span class='ocrx_word' id='word_1_168' title='bbox 325 2381 596 2433; x_wconf 88' lang='lat' dir='ltr'>testudines</span> <span class='ocrx_word' id='word_1_169' title='bbox 642 2383 859 2433; x_wconf 87' lang='lat' dir='ltr'>turrium</span> <span class='ocrx_word' id='word_1_170' title='bbox 878 2420 891 2440; x_wconf 86' lang='lat'>‚</span> <span class='ocrx_word' id='word_1_171' title='bbox 928 2381 1211 2431; x_wconf 84' lang='lat' dir='ltr'>maximam</span> <span class='ocrx_word' id='word_1_172' title='bbox 1256 2395 1400 2446; x_wconf 78' lang='lat' dir='ltr'>aquae</span> 
     </span>
     <span class='ocr_line' id='line_1_25' title="bbox 122 2471 1403 2544; baseline -0.003 -19"><span class='ocrx_word' id='word_1_173' title='bbox 122 2473 325 2544; x_wconf 87' lang='lat' dir='ltr'>copiam</span> <span class='ocrx_word' id='word_1_174' title='bbox 351 2475 616 2527; x_wconf 82' lang='lat' dir='ltr'>infundere</span> <span class='ocrx_word' id='word_1_175' title='bbox 642 2475 787 2533; x_wconf 84' lang='lat' dir='ltr'>iuffit,</span> <span class='ocrx_word' id='word_1_176' title='bbox 824 2475 875 2524; x_wconf 90' lang='lat' dir='ltr'>in</span> <span class='ocrx_word' id='word_1_177' title='bbox 908 2493 1007 2542; x_wconf 86' lang='lat' dir='ltr'>qua</span> <span class='ocrx_word' id='word_1_178' title='bbox 1025 2472 1176 2524; x_wconf 86' lang='lat' dir='ltr'>nostri</span> <span class='ocrx_word' id='word_1_179' title='bbox 1203 2471 1403 2522; x_wconf 81' lang='lat' dir='ltr'>versan-</span> 
     </span>
     <span class='ocr_line' id='line_1_26' title="bbox 124 2564 1400 2637; baseline -0.003 -20"><span class='ocrx_word' id='word_1_180' title='bbox 124 2580 199 2617; x_wconf 86' lang='lat' dir='ltr'>tes</span> <span class='ocrx_word' id='word_1_181' title='bbox 233 2606 246 2625; x_wconf 87' lang='lat'><em>,</em></span> <span class='ocrx_word' id='word_1_182' title='bbox 275 2568 472 2636; x_wconf 85' lang='lat' dir='ltr'>plantas</span> <span class='ocrx_word' id='word_1_183' title='bbox 511 2571 698 2637; x_wconf 81' lang='lat' dir='ltr'>pedu-m</span> <span class='ocrx_word' id='word_1_184' title='bbox 736 2571 797 2618; x_wconf 89' lang='lat' dir='ltr'>ab</span> <span class='ocrx_word' id='word_1_185' title='bbox 831 2569 1007 2618; x_wconf 86' lang='lat' dir='ltr'>ardore</span> <span class='ocrx_word' id='word_1_186' title='bbox 1046 2568 1177 2635; x_wconf 81' lang='lat' dir='ltr'>ignis</span> <span class='ocrx_word' id='word_1_187' title='bbox 1221 2564 1400 2615; x_wconf 73' lang='lat' dir='ltr'>illaesas</span> 
     </span>
    </p>
   </div>
   <div class='ocr_carea' id='block_1_5' title="bbox 130 2663 1405 2801">
    <p class='ocr_par' dir='ltr' id='par_1_5' title="bbox 130 2663 1405 2801">
     <span class='ocr_line' id='line_1_27' title="bbox 130 2663 1405 2736; baseline 0 -20"><span class='ocrx_word' id='word_1_188' title='bbox 130 2663 466 2721; x_wconf 74' lang='lat' dir='ltr'>reseruabant.</span> <span class='ocrx_word' id='word_1_189' title='bbox 491 2663 636 2718; x_wconf 87' lang='lat' dir='ltr'>Adeo</span> <span class='ocrx_word' id='word_1_190' title='bbox 662 2663 947 2736; x_wconf 83' lang='lat' dir='ltr'>promiscua</span> <span class='ocrx_word' id='word_1_191' title='bbox 973 2663 1195 2715; x_wconf 80' lang='lat' dir='ltr'>fuit-haec</span> <span class='ocrx_word' id='word_1_192' title='bbox 1212 2679 1405 2729; x_wconf 79' lang='lat' dir='ltr'>pugna,</span> 
     </span>
     <span class='ocr_line' id='line_1_28' title="bbox 1319 2763 1371 2801; baseline -0.038 0"><span class='ocrx_word' id='word_1_193' title='bbox 1319 2763 1371 2801; x_wconf 83' lang='lat' dir='ltr'>vt</span> 
     </span>
    </p>
   </div>
  </div>
 </body>
</html>
