1965 3256
586 242 688 302 134
937 244 1215 283 DAMIANI
1265 246 1305 282 A
1347 246 1493 285 cons

547 367 703 419 aquas
720 347 1025 402 fluetuantes
1052 365 1264 420 receptae
1292 352 1429 403 fuere
1459 389 1472 411 ‚
1499 353 1545 402 &
1574 352 1624 401 in
1646 364 1815 405 arcem

546 454 897 509 comportatae.
940 439 1122 492 Hostes
1149 444 1373 493 videntes
1394 445 1457 493 ob
1486 443 1658 494 oculos
1682 463 1816 512 prae-

541 532 737 582 -sentem
781 529 992 598 stragem
1018 567 1030 588 ,
1060 547 1298 600 mareque
1332 531 1569 600 sanguine
1609 532 1813 586 suorum

543 625 762 675 tinctum
796 661 809 682 ‚
838 634 986 690 atque
1027 623 1216 673 multos
1245 623 1386 673 laesos
1409 660 1422 681 ,
1451 626 1498 674 &
1528 624 1643 692 igne
1668 641 1816 673 com-

540 718 710 769 bustos
734 755 749 777 ,
780 717 1059 768 exanimati
1085 718 1234 785 plane
1261 736 1287 768 a
1314 718 1589 768 certamine
1616 716 1816 766 destite-

544 830 599 865 re
627 850 642 871 ,
667 811 717 861 &
740 810 802 860 de
828 809 944 859 loco
973 811 1151 878 pedem
1182 810 1415 860 retulere.
1463 810 1664 860 Interea
1684 822 1818 858 tem-

541 905 680 974 poris
728 903 926 972 aliquot
953 902 1234 953 nostrorum
1272 920 1336 952 ex
1358 919 1471 953 arce
1517 903 1577 952 ad
1598 902 1778 953 ostium
1797 938 1815 959 ‚

539 1018 629 1070 per
657 999 795 1066 quod
831 1000 892 1049 ad
915 1015 1052 1047 mare
1080 998 1179 1047 itur
1207 1035 1221 1055 ,
1248 1010 1524 1064 erumpunt
1554 1034 1566 1054 ,
1613 995 1817 1063 paruas-

537 1111 638 1159 que
659 1090 863 1158 scaphas
888 1091 1239 1140 conscendunt
1267 1125 1280 1146 ,
1310 1100 1360 1137 vt
1386 1087 1606 1138 hostium
1633 1087 1818 1156 spolia,

538 1202 627 1252 per
652 1199 808 1249 aquas
828 1180 1124 1231 fluctuantia
1148 1218 1161 1240 ,
1181 1179 1477 1247 exciperent
1501 1217 1515 1238 ‚
1546 1178 1817 1245 inteLquae

535 1284 639 1322 tres
663 1270 855 1336 milites
893 1269 1096 1321 Turcas
1141 1308 1154 1330 ,
1188 1285 1370 1338 praeter
1410 1269 1536 1320 alios
1582 1287 1709 1337 quos
1760 1270 1815 1320 in.

537 1363 655 1434 ipsis
681 1365 826 1432 aquis
842 1362 1053 1414 iaStatos
1082 1362 1229 1413 hastis
1270 1360 1603 1431 perfoderunt
1628 1398 1641 1417 ‚
1669 1360 1811 1411 vivos

538 1456 769 1524 capiunt.
789 1453 870 1505 Ex
898 1454 1083 1522 quibus
1105 1455 1207 1504 dux
1238 1453 1494 1504 Antonius
1521 1469 1548 1501 a
1566 1451 1812 1520 Sylueira,

538 1550 787 1601 nonnulia
812 1549 1030 1600 hostium
1056 1548 1240 1598 secreta
1267 1547 1512 1615 percepit.
1548 1545 1658 1595 Illis
1687 1546 1817 1597 duo-

539 1647 634 1698 bus
653 1646 829 1694 diebus
853 1644 1107 1695 interfecti
1137 1643 1248 1693 sunt
1272 1642 1438 1709 piures
1467 1657 1620 1708 quam
1646 1639 1815 1690 octin-

535 1739 679 1807 genti
708 1736 922 1789 Turcae.
967 1735 1047 1786 Ex
1077 1734 1292 1802 nostris(
1323 1734 1438 1784 Deo
1464 1732 1623 1801 gratia
1650 1729 1665 1798 )
1689 1751 1813 1801 pau-

537 1834 587 1883 ci
610 1832 814 1884 fuerunt
844 1871 856 1891 ,
898 1831 975 1882 vel
1012 1830 1160 1881 occis1
1187 1868 1198 1888 ,
1251 1828 1329 1879 vel
1355 1828 1623 1878 vulnerati.
1669 1827 1815 1878 Inte-

538 1934 639 1984 rim
664 1930 773 1979 Arx
811 1947 837 1978 e
858 1927 1154 1978 stationibus
1177 1924 1472 1976 Turcarum
1499 1921 1665 1993 globis
1695 1959 1709 1981 ,
1738 1921 1814 1973 sa-

536 2023 776 2095 gittisque
801 2022 1081 2089 petebatur.
1127 2018 1368 2086 Qiorurn
1394 2017 1527 2068 valla
1551 2031 1656 2068 tam
1693 2035 1814 2084 pro-

537 2119 731 2187 pinqua
757 2123 898 2163 erant
927 2109 1101 2161 nostri:
1135 2110 1315 2166 muriS,
1343 2123 1395 2159 vt
1421 2110 1481 2158 de
1508 2109 1728 2159 turribus
1757 2109 1814 2160 in

545 2227 605 2260 ea
632 2208 846 2277 sphaeras
867 2205 1121 2274 cupasque
1142 2205 1290 2255 nostri
1319 2204 1655 2254 deuoluerint.
1681 2200 1813 2253 Tri-

543 2301 703 2350 duum
731 2297 899 2365 postea
926 2296 1162 2347 aTun-is
1191 2297 1521 2349 dimicatione
1550 2295 1810 2348 Antonius

538 2417 569 2449 a
597 2396 822 2465 Sylueira
854 2431 866 2452 ‚
895 2393 1069 2444 videns
1118 2408 1345 2462 tempore
1394 2395 1771 2465 promeridiano
1792 2433 1808 2456 ,

540 2507 605 2540 ex
625 2489 756 2538 arcis
807 2505 955 2538 muro
1005 2486 1165 2538 hostes
1192 2525 1206 2546 ,
1236 2488 1335 2538 siue
1380 2508 1443 2541 ex
1493 2476 1807 2548 laffitudine,

542 2582 643 2633 siue
663 2599 726 2631 ex
761 2579 890 2631 Solis
934 2581 1108 2630 ardore
1133 2618 1146 2638 ‚
1192 2580 1253 2630 ab
1278 2598 1428 2649 opere
1456 2581 1603 2633 solito
1628 2580 1808 2632 remis-

545 2677 693 2730 fiores
718 2717 733 2740 ,
764 2678 1024 2748 quietique
1049 2675 1096 2729 se
1124 2676 1419 2730 mandantes
1451 2715 1466 2738 ‚
1494 2676 1659 2730 subito
1684 2693 1806 2727 cen-

1605 2798 1628 2803 ’-
1663 2780 1770 2820 tun]
