1965 3256
519 247 629 323 316
898 261 1187 307 DAMIANI
1248 268 1285 305 A
1329 268 1480 305 coes

518 372 658 424 aliud
686 371 845 423 simile
871 372 1109 423 adiicitur
1132 393 1142 422 z
1180 391 1340 441 eoque
1366 373 1498 424 flexu
1526 372 1797 423 anfraezus·

518 484 618 534 que
644 484 817 516 murus
843 466 1107 516 deducitur
1136 503 1148 524 ‚
1187 481 1237 516 vt
1278 487 1403 535 opus
1451 469 1613 537 magis
1647 469 1788 535 laby-

520 556 800 607 rinthicum
832 594 844 615 ,
889 574 1040 626 quam
1069 555 1270 606 alterius
1301 558 1499 626 generis
1529 559 1620 607 effe
1646 556 1792 606 vide-

520 664 675 700 retur.
711 649 872 717 quue
916 668 977 698 eo
1017 649 1209 699 saelum
1250 649 1319 699 est
1355 688 1367 708 ,
1414 664 1465 701 vt
1509 650 1657 718 septis
1690 649 1790 701 illis

522 741 756 793 flexuosis
785 739 811 789 a
834 740 1112 790 nostrorum
1146 741 1360 790 telorum
1392 741 1595 792 iniuriis
1622 756 1792 812 prote-

527 842 796 900 gerentur:
840 831 887 878 &
916 847 1204 897 quanquam
1257 829 1404 879 nostri
1435 832 1652 882 hostium
1701 850 1791 881 co-

524 935 671 972 natus
725 918 866 969 omni
932 919 1303 986 perseuerantia
1364 922 1795 990 contentioneque

526 1005 778 1074 impedire
804 1005 1188 1063 contendissent,
1217 1006 1552 1060 nihilominus
1580 1029 1639 1060 eo
1664 1027 1784 1059 mu·-

523 1113 581 1146 ro
609 1110 767 1142 curuo
798 1130 811 1150 ‚
866 1091 1164 1157 sinuosoque
1215 1095 1448 1160 progreffi
1502 1095 1563 1144 ad
1615 1114 1802 1146 manus⁴

520 1183 717 1236 iaelum
746 1219 760 1240 ,
789 1182 1024 1251 proxime
1051 1183 1179 1232 arcis
1207 1184 1389 1233 maenia
1424 1185 1741 1242 ,confistunt.

631 1277 782 1330 INDE
821 1293 885 1327 ex
917 1274 1162 1343 congestis
1205 1275 1459 1344 lapidibus
1499 1277 1637 1326 aliud
1665 1294 1794 1346 opus

521 1368 805 1420 conficiunt
838 1404 852 1424 ‚
906 1367 1149 1416 tredecim
1195 1366 1380 1435 pedum
1433 1368 1747 1419 crassitudine
1777 1405 1793 1427 ,

523 1459 608 1511 sed
634 1478 662 1511 a
679 1474 820 1526 tergo
840 1456 1137 1509 validiffimo
1158 1477 1335 1527 aggere
1357 1457 1638 1517 suffultum,
1661 1459 1800 1527 quod

523 1550 686 1617 aripa
710 1550 770 1599 ad
812 1547 977 1615 ipsum
1026 1548 1149 1599 litus
1203 1549 1501 1606 deducunt,
1554 1547 1795 1597 castellis-

518 1662 617 1713 que
640 1639 1023 1693 communiunt.
1058 1637 1185 1688 Inde
1232 1639 1249 1707 ζ
1275 1652 1326 1689 vt
1370 1639 1468 1689 loci
1499 1651 1677 1688 natura
1704 1639 1785 1687 fe-

520 1740 660 1791 rebat
687 1733 704 1801 )
751 1752 813 1785 ex
841 1734 1038 1784 castello
1066 1732 1119 1783 in
1148 1734 1404 1786 castellum
1437 1772 1450 1792 ,
1481 1733 1796 1784 continuatis

517 1825 897 1880 munitionibus
927 1862 940 1883 ,
985 1842 1073 1875 arx
1103 1825 1305 1892 penitus
1347 1823 1479 1874 vallo
1506 1824 1793 1873 circumda-

520 1935 604 1974 tur
632 1910 673 1981 ,ῃ
700 1922 751 1972 in
791 1920 1072 1989 iis-§lemque
1126 1920 1339 1970 castellis
1377 1937 1531 1969 omne
1571 1918 1797 1970 telorum

520 2015 1019 2080 bombardarumque
1057 2032 1215 2082 genus
1241 2013 1542 2081 imponitur.
1577 2010 1757 2078 Itaque
1779 2047 1796 2071 ,

514 2119 667 2170 opere
695 2102 841 2153 finito
871 2142 884 2164 ,
921 2103 1095 2154 aerius¹
1117 2100 1265 2152 solito
1292 2119 1458 2152 arcem
1486 2099 1612 2167 saepe
1632 2112 1799 2149 tenta-

525 2195 670 2243 bant.
731 2193 932 2246 Interea
977 2191 1286 2246 Tvffamudius
1336 2192 1500 2261 Regio
1540 2192 1789 2242 comitatu

512 2285 718 2352 stipatus
762 2322 774 2344 ,
825 2286 1110 2338 Ciuitatem
1143 2286 1346 2355 (operis
1377 2283 1565 2334 visendi
1593 2276 1794 2351 gratia)

517 2378 758 2445 ingressus
799 2379 883 2429 est.
944 2381 1090 2431 Dum
1142 2382 1249 2431 haec
1301 2380 1362 2430 ab
1394 2391 1601 2445 Vtraque
1647 2387 1789 2446 parte

513 2475 792 2544 agebantur
818 2511 829 2531 ,
860 2492 947 2543 per
973 2477 1317 2542 exploratores
1345 2475 1529 2525 certior
1553 2473 1608 2522 fit
1641 2469 1790 2521 hlas-

512 2581 752 2631 caregnas
798 2600 811 2620 ‚
875 2563 1139 2612 deereuiffe
1191 2562 1474 2632 Sopharurn
1506 2601 1518 2620 ,
1561 2560 1740 2611 turrim
1766 2594 1781 2616 ,

517 2671 674 2724 quarn
702 2652 853 2705 nostri
880 2653 934 2703 in
959 2652 1116 2703 fluuio
1145 2691 1161 2712 ‚
1213 2666 1264 2702 vt
1290 2650 1742 2702 demonstrauimus
1766 2679 1781 2705 ‚

1633 2738 1777 2789 fitam
