1965 3256
581 244 678 301 128
972 257 1258 298 DAMIANI
1311 257 1351 295 Α
1399 255 1552 296 eom

535 386 700 421 remes
746 367 817 418 ita
868 367 1036 435 globis
1078 363 1341 436 perforatae
1388 365 1531 418 fuere
1553 401 1568 424 ,
1616 377 1668 416 vt
1721 364 1819 421 nisi

535 477 564 508 e
584 459 795 530 vestigio
830 461 940 512 aliae
968 461 1037 510 eis
1064 457 1408 510 succurrissent
1430 496 1445 517 ‚
1467 455 1692 509 funditus
1721 479 1815 529 pe-

533 558 747 609 riissent.
799 557 916 608 Iam
966 575 1084 607 cum
1114 555 1339 605 viderent
1367 553 1528 603 hostes
1556 553 1693 622 spem
1721 557 1812 606 de·-

534 654 802 704 fendendae
829 655 981 703 turris
1025 652 1077 702 in
1106 650 1390 702 nostrorum
1417 646 1605 698 animis
1635 649 1811 717 magis

536 761 689 815 atque
718 749 882 817 magis
908 748 1079 816 vigere
1102 783 1116 804 ‚
1170 762 1231 793 ne
1283 745 1342 792 ab
1366 741 1591 810 ipsorum
1640 741 1811 810 globis

538 840 797 888 maiorem
847 837 1043 888 cladem
1072 834 1357 901 acciperent
1386 869 1398 890 ‚
1425 833 1486 882 ad
1507 851 1593 882 eos
1620 833 1813 903 legatos

536 932 596 980 de
632 930 890 979 deditione
912 930 1124 977 mittunt
1157 964 1170 984 ,
1211 925 1380 994 eisque
1405 926 1562 975 vitam
1607 929 1656 977 &
1683 930 1815 979 bona

533 1026 669 1075 salua
692 1026 1017 1092 pollicentur.
1063 1023 1184 1090 Qxa
1204 1023 1458 1091 legatione
1480 1025 1650 1074 audita
1679 1063 1693 1084 ,
1721 1026 1815 1076 tri-

532 1119 679 1185 ginta
704 1135 880 1166 eorum
911 1118 926 1183 ι(
953 1116 1092 1164 labes
1138 1115 1497 1165 Lusitanorum
1520 1116 1815 1185 sanguinis)

534 1209 580 1259 se
608 1211 841 1259 dedidere
863 1247 877 1267 ,
935 1208 1023 1275 qui
1075 1207 1261 1258 violata
1300 1229 1329 1259 a
1353 1211 1546 1263 Turcis
1575 1210 1672 1260 fide
1696 1204 1816 1269 ‚lin

531 1307 762 1354 triremes
802 1303 964 1353 vinsti
1009 1303 1070 1352 ad
1099 1316 1344 1355 aeternam
1373 1305 1669 1356 seruitutem
1710 1306 1814 1357 dati

534 1401 671 1451 sunt.
717 1397 907 1450 Caeteri
957 1418 1072 1450 vero
1111 1413 1164 1449 vt
1205 1401 1328 1451 boni
1357 1401 1676 1453 sacrosanclae
1700 1402 1816 1454 fidei

535 1491 712 1542 nostrae
750 1507 1154 1562 propugnatores
1184 1533 1198 1554 ,
1249 1496 1510 1563 repudiata
1559 1496 1816 1547 conditio-

538 1607 622 1646 ne,
655 1587 892 1656 aliisque,
921 1591 1057 1657 quod
1084 1590 1131 1640 se
1161 1591 1432 1643 infideliter
1462 1593 1812 1655 deseruissent,

544 1681 853 1749 reprehensis
874 1720 887 1740 ‚
927 1685 1221 1734 dimicando
1249 1685 1297 1733 δε
1326 1686 1414 1755 (vt
1440 1686 1574 1736 viros
1616 1686 1816 1737 Lufita-

545 1793 640 1824 nos
671 1776 879 1826 decebat
909 1773 924 1841 )
964 1777 1154 1827 multos
1180 1776 1383 1828 Turcas
1413 1779 1769 1829 interficiendo
1798 1817 1813 1839 ,

544 1886 729 1918 omnes
755 1871 815 1919 ad
843 1888 1002 1919 vnum
1042 1872 1343 1921 occubuere.
1390 1871 1534 1922 Dum
1559 1873 1667 1923 haec
1697 1891 1817 1942 age-

547 1976 724 2012 rentur
747 2001 760 2021 ,
811 1963 1070 2013 Antonius
1112 1980 1139 2011 a
1190 1961 1418 2029 Sylueira
1467 1964 1695 2015 celocem
1755 1963 1818 2014 ad

543 2060 824 2127 Proregem
860 2057 1021 2108 Indiae
1060 2055 1301 2107 Nonium
1353 2073 1382 2104 a
1420 2053 1608 2106 Cunha
1657 2070 1816 2122 expe-

537 2151 616 2201 dit
637 2190 649 2210 ,
684 2151 770 2220 qui
803 2163 924 2201 tunc
968 2150 1214 2220 temporis
1240 2149 1375 2201 Goae
1423 2151 1601 2218 agebat
1630 2149 1646 2217 (
1674 2148 1818 2198 distat

540 2250 683 2299 enim
734 2249 854 2301 Goa
905 2269 933 2299 a
979 2249 1090 2299 Dio
1134 2248 1264 2298 vltra
1317 2247 1613 2315 octingenta
1652 2244 1820 2295 millia

545 2342 825 2412 passuum).
865 2343 1036 2410 Inquo
1058 2341 1182 2392 statu
1204 2361 1280 2392 res
1303 2343 1456 2392 eflent
1501 2358 1590 2408 per
1641 2339 1818 2390 literas

530 2432 763 2490 ostendit,
789 2431 1053 2500 puluerem
1080 2443 1454 2480 tormentorum
1479 2427 1708 2478 maxime
1728 2427 1820 2476 de·

532 2527 682 2577 ficere
723 2525 959 2575 affirmat.
1003 2522 1136 2589 Qlae
1194 2525 1342 2572 celox
1390 2524 1706 2573 anaualibus
1732 2539 1814 2570 ar-

542 2623 616 2671 cis
675 2620 834 2670 soluta
865 2657 877 2679 ,
919 2618 1120 2669 claffem
1176 2617 1395 2668 hostium
1444 2631 1746 2689 penetrans,
1788 2625 1820 2657 a

533 2716 851 2788 quibusdam
905 2712 1163 2766 celocibus
1194 2712 1578 2765 inse&ationem
1604 2706 1814 2774 patitur.

1540 2796 1777 2865 Qarum
