1965 3256
599 190 706 256 246
957 209 1242 247 DAMIANI
1274 211 1315 246 A
1345 211 1495 249 cors

697 310 860 362 ITEM
910 312 965 363 in
1001 316 1313 368 memoriam
1360 315 1619 370 CHR13T1
1648 315 1850 390 Baptis-

556 403 676 462 mi,
731 404 939 474 singulis
990 407 1182 468 annis,
1233 426 1412 460 omnes
1462 408 1515 459 in
1542 410 1848 484 Epiphaniis

552 494 775 545 Domini
827 497 1137 566 baptisamur
1183 537 1198 558 ‚
1238 500 1290 551 id
1325 500 1531 569 quidem
1581 504 1799 557 facimus
1829 542 1843 566 ‚

549 600 651 634 non
710 588 845 657 quod
891 587 950 637 ad
1002 587 1214 639 salutem
1261 588 1481 659 speciare
1528 594 1783 646 credimus
1827 632 1843 654 ,

549 679 632 729 sed
658 693 865 749 propter
892 678 1171 731 Seruatoris
1207 681 1365 731 nostri
1394 681 1595 734 laudem
1641 704 1700 736 ac
1729 689 1845 756 glos

546 772 693 823 riam.
737 771 926 840 Neque
950 769 1151 821 vberius
1181 809 1195 830 ,
1246 784 1395 840 atque
1441 773 1676 826 refertius
1730 777 1842 846 spe-

546 862 758 913 &aculis
790 900 801 920 ,
833 861 958 910 iocis
983 861 1032 910 &
1059 860 1378 910 caeremoniis
1406 862 1565 913 vllum
1593 865 1727 916 aliud
1767 868 1844 917 fe-

549 954 677 1005 stum
707 954 1023 1003 celebramus
1055 989 1067 1009 ,
1095 951 1338 1018 quoniam
1367 951 1420 1000 in
1472 953 1571 1003 hoc
1598 957 1680 1007 die
1735 958 1841 1027 pri-

544 1069 632 1103 mo
662 1045 922 1098 max-2ifeste
968 1044 1198 1111 apparuit
1233 1043 1601 1096 Sanfiiffiffima
1649 1050 1836 1102 Trini-

542 1152 617 1188 tas
638 1178 649 1198 ,
679 1156 799 1188 cum
830 1135 1093 1187 Dominus
1120 1133 1282 1184 noster
1312 1133 1490 1185 Isssvs
1519 1134 1754 1205 CHR1ST
1769 1159 1838 1194 vs

541 1238 887 1305 baptizaretur
925 1235 975 1285 in
1003 1233 1214 1283 flumine
1245 1232 1462 1283 Iordane
1487 1271 1500 1293 ,
1530 1253 1646 1287 cum
1678 1237 1838 1308 Spiri-

541 1350 620 1383 tus
650 1329 862 1380 Samus
892 1328 942 1378 in
979 1325 1143 1393 specie
1192 1325 1446 1376 columbae
1494 1329 1641 1397 super
1686 1347 1838 1403 caput

539 1427 650 1495 ejus
679 1423 992 1475 descenderit
1027 1460 1041 1482 ,
1093 1423 1142 1473 δε
1168 1440 1268 1473 vox
1312 1423 1372 1473 de
1400 1421 1554 1476 Coelo
1605 1427 1790 1478 dixerit
1820 1467 1835 1487 ,

540 1517 645 1570 Hic
695 1518 757 1591 est
812 1515 950 1585 filius
1001 1532 1126 1563 meus
1192 1514 1391 1566 dilefz‘us
1436 1553 1449 1575 ,
1493 1517 1654 1585 inquo
1706 1520 1831 1570 mihi

539 1610 833 1680 complacuit.
878 1609 986 1678 Q1i
1039 1607 1254 1679 Spiritus
1317 1607 1534 1661 Saucius
1586 1630 1834 1680 apparens

539 1707 589 1757 in
638 1705 801 1775 specie
840 1704 965 1754 albae
1007 1703 1262 1753 columbae
1292 1740 1305 1761 ,
1352 1720 1471 1754 curn
1516 1703 1646 1754 facie
1681 1706 1730 1755 &
1768 1703 1830 1753 fi-

535 1818 657 1868 gura
679 1797 840 1847 Patris
866 1798 914 1847 δε
939 1794 1058 1845 Filii
1086 1795 1317 1864 apparuit
1337 1794 1389 1844 in
1418 1813 1514 1845 vna
1534 1796 1825 1846 diuinitate.

538 1892 754 1959 Parique
781 1891 936 1941 modo
984 1887 1216 1939 Christus
1265 1885 1400 1938 visus
1443 1886 1511 1937 est
1564 1906 1593 1937 a
1629 1885 1830 1938 Sanciis

535 1984 804 2056 Prophetis
857 2002 944 2053 per
988 1983 1175 2033 multas
1222 1980 1577 2033 similitudines
1620 1980 1671 2031 δε
1721 1978 1829 2030 sor-

535 2097 666 2129 mas,
711 2076 942 2127 Primum
972 2076 1025 2126 in
1053 2075 1214 2145 specie
1240 2073 1410 2125 arietis
1449 2072 1550 2124 albi
1577 2109 1590 2130 ,
1624 2083 1828 2139 propter

537 2171 747 2221 salutem
778 2168 916 2220 Isaac
944 2169 1036 2222 filii
1066 2168 1285 2220 Abrahae
1316 2206 1330 2228 ,
1358 2185 1520 2236 eoque
1549 2165 1704 2215 modo
1729 2181 1825 2213 no-

535 2260 754 2312 minauit
803 2259 958 2311 Iacob
988 2300 1001 2321 ,
1064 2260 1217 2313 Israel
1278 2259 1356 2322 &,
1394 2257 1550 2310 Iacob
1581 2293 1595 2314 ,
1640 2253 1824 2305 Iudam

534 2350 761 2401 catulum
787 2351 949 2401 leonis
983 2388 996 2410 ,
1031 2352 1112 2401 cui
1149 2349 1294 2418 super
1337 2347 1465 2398 alios
1509 2344 1685 2395 fratres
1730 2361 1823 2412 po-

534 2444 761 2495 testatem
789 2443 968 2493 tribuit
1001 2481 1012 2502 ‚
1040 2444 1212 2495 dicens
1241 2465 1254 2494 ε
1294 2439 1606 2510 Adpraedam
1628 2435 1734 2507 filii
1757 2432 1825 2483 mi

535 2539 783 2610 ascendisti
800 2578 812 2598 ,
842 2536 1128 2606 requiescens
1155 2535 1406 2604 occubuisti
1419 2572 1432 2594 ,
1453 2545 1509 2583 vt
1527 2534 1592 2582 leo
1623 2532 1678 2581 ἔθ’
1696 2543 1818 2594 qua·

517 2634 572 2706 st
596 2634 744 2686 leaena
768 2670 782 2692 ‚
831 2625 1210 2701 quissuscilabit
1259 2626 1406 2678 eum?
1464 2624 1600 2678 Item
1649 2614 1818 2671 mani·

1633 2708 1780 2764 festa.-
