1931 3239
165 249 347 286 FIDES
374 241 628 283 RELIGIO
666 235 940 284 MORESQ
971 236 1249 274 AETHIOP
1272 264 1284 276 .
1340 241 1442 295 213

170 391 210 414 „
238 354 415 404 chrum
455 346 595 397 felici
637 342 924 412 irruptione
973 340 1328 391 disturbabunt
1354 380 1366 399 ,
1415 346 1464 393 δε

163 485 204 508 ,,
232 447 449 498 diruent.
493 440 581 492 Ob
623 442 753 492 hanc
798 457 908 490 rem
933 439 997 489 da
1022 456 1230 506 operam
1258 476 1270 497 ,
1319 438 1468 491 Pater

161 576 206 600 ‚,
234 537 416 588 SamS'oe
437 575 451 595 ,
478 551 533 590 vt
560 537 692 586 inter
718 553 803 586 eos
830 535 965 584 bona
992 550 1093 602 pax
1121 532 1207 582 fiat
1231 569 1244 590 ,
1279 531 1328 581 δε
1355 548 1465 580 cer-

158 669 203 694 „
231 646 342 684 tum
370 633 541 684 foedus
569 631 811 682 amicitiae
837 629 1152 698 percutiatur
1170 665 1182 686 ,
1225 626 1466 676 hortare-

159 761 204 785 „
235 743 331 794 que
358 742 444 775 eos
476 761 490 783 ‚
529 736 583 774 vt
611 723 740 773 mihi
767 719 925 771 adesse
951 756 966 778 ,
995 732 1145 786 atque
1174 734 1327 787 opem
1355 715 1465 765 fer-

164 857 204 881 „
233 840 286 871 re
309 822 468 872 velint
498 860 510 880 ‚
541 839 662 872 cum
688 821 741 870 in
768 836 1046 889 regnorum
1073 833 1310 868 meorum
1340 814 1462 865 fini-

161 951 205 975 s,
234 917 329 966 bus
355 955 369 977 ,
395 935 424 967 a
451 915 850 968 Mahometanis
878 914 1083 966 Mauris
1114 913 1334 984 peffimis
1362 912 1461 961 ho-

162 1052 204 1076 „
233 1015 462 1067 minibus
489 1015 578 1067 s1m
619 1034 684 1066 ex
724 1016 869 1067 omni
894 1016 1052 1065 latere
1094 1013 1460 1064 circumdatus.

129 1154 133 1156 ,
166 1141 207 1164 „
237 1104 339 1174 Ipsl
371 1119 542 1155 autem
589 1106 767 1157 Mauri
820 1105 1184 1156 Mahometani
1234 1105 1365 1153 inter
1417 1101 1466 1151 se

166 1234 208 1257 ‚‚
237 1201 430 1249 mutuis
467 1199 675 1251 auxiliis
720 1213 930 1251 Vtuntur
959 1238 972 1258 ,
1018 1196 1286 1268 Rege-sque
1332 1214 1456 1246 cum

164 1329 208 1354 ,υ
238 1291 468 1362 Regibus
495 1332 509 1353 ,
535 1295 584 1344 δε
612 1295 798 1365 Reguli
820 1313 943 1345 cum
972 1293 1186 1361 Regulis
1215 1329 1228 1350 ‚
1277 1291 1461 1341 aduer-

165 1423 207 1448 υ
240 1386 321 1436 sus
352 1404 446 1437 nos
488 1387 691 1456 syncere
734 1391 784 1440 &
831 1387 1221 1439 constantiffime
1272 1402 1469 1434 conue-

165 1516 211 1539 ‚,
244 1479 412 1530 ni'unt.
445 1478 591 1530 Mihi
615 1480 836 1532 Maurus
853 1480 1062 1549 quidem
1084 1478 1362 1528 admodum
1389 1477 1469 1528 vi-

182 1609 222 1633 „
250 1574 396 1624 cinus
416 1571 483 1622 est
513 1611 527 1632 ,
570 1574 651 1623 cui
699 1573 910 1624 finitimi
949 1573 1033 1623 alii
1063 1569 1242 1620 Mauri
1270 1587 1411 1619 arma
1454 1607 1468 1628 ,

162 1703 206 1728 „
236 1687 392 1737 equos
417 1708 430 1728 ,
459 1683 611 1738 atque
651 1670 985 1721 instrumenta
1009 1670 1195 1720 bellica
1225 1666 1466 1737 suppedi-

161 1798 205 1823 ‚‚
234 1776 361 1814 tant.
407 1763 481 1815 Hi
511 1766 623 1816 sunt
647 1766 816 1836 Reges
843 1765 1004 1817 Indiae
1024 1804 1036 1824 ‚
1062 1764 1301 1823 Perfidis,
1332 1762 1465 1813 Ara-

170 1892 208 1913 „
238 1857 336 1926 biae
362 1894 375 1914 ‚
405 1872 558 1923 atque
579 1858 818 1928 AEgypti.
863 1860 1069 1928 Qubus
1104 1857 1163 1906 de
1188 1859 1337 1907 rebus
1367 1856 1467 1903 sm·

167 1980 205 2001 ‚,
235 1944 463 2013 gularem
507 1947 683 1996 animo
741 1947 902 1997 indies
952 1945 1100 2014 capio
1142 1944 1424 1994 molestiam
1452 1980 1465 1999 ‚

175 2067 219 2089 „
245 2048 365 2082 cum
411 2034 572 2085 hostes
601 2033 902 2083 ChristIanae
944 2034 1208 2102 religionis
1233 2071 1246 2092 ,
1288 2032 1467 2082 frater-

175 2157 219 2180 „
241 2139 305 2171 na
328 2124 573 2175 charitate
619 2126 751 2175 inter
778 2123 825 2173 se
853 2125 1162 2193 conjunffims
1203 2141 1327 2193 pace
1366 2121 1468 2170 frui

164 2251 207 2275 „
234 2215 587 2286 conspiciam3
627 2217 797 2288 Reges
841 2236 960 2269 vero
999 2217 1317 2269 Christianos
1363 2216 1467 2265 fra-

169 2343 207 2366 „
236 2320 336 2358 tres
364 2328 509 2361 meos
532 2349 545 2370 ,
569 2311 698 2369 nihi-1
719 2312 937 2361 omnino
957 2311 1058 2362 istis
1082 2312 1288 2362 iniuriis
1316 2327 1464 2359 com-

170 2433 210 2456 „
237 2401 436 2450 moueri
461 2439 473 2459 ,
517 2421 681 2471 neque
713 2402 866 2452 vllam
913 2403 1043 2452 mihi
1090 2420 1243 2472 opem
1271 2401 1420 2452 affere
1450 2438 1461 2457 ,

166 2528 205 2550 ,‚
233 2493 304 2543 vti
333 2508 467 2547 certe
486 2495 684 2546 deceret
703 2493 1020 2547 Christianos
1039 2535 1050 2553 ,
1074 2495 1337 2565 postquam
1363 2495 1460 2545 foe-

165 2620 207 2642 „
236 2585 527 2637 diffimifilii
551 2587 874 2639 Mahometis
911 2591 1042 2640 inter
1064 2590 1110 2640 se
1128 2591 1322 2641 munus
1351 2588 1461 2654 opi-

166 2710 208 2737 s,
234 2677 327 2729 bus
369 2679 687 2734 adiuvantur.
731 2682 923 2750 Neque
972 2702 1067 2752 ego
1115 2685 1159 2734 is
1190 2683 1331 2740 sum,
1373 2700 1457 2747 qm

1396 2773 1458 2824 ad
1507 2769 1509 2771 ’
