1998 3256
588 236 667 290 40
963 234 1253 271 DAM1AN1
1308 235 1349 269 A
1393 229 1542 270 Gons

578 348 636 397 in
658 359 796 394 mare
822 341 1111 411 prorumpit
1140 377 1155 400 ,
1186 340 1240 391 in
1265 340 1412 408 cujus
1434 337 1603 390 fronte
1628 341 1692 393 ad
1723 335 1854 393 Oris·

575 448 681 485 tem
724 429 889 483 versus
921 469 936 490 ,
966 430 1116 480 turris
1165 429 1388 498 vndique
1435 430 1681 498 quadrato
1725 431 1854 483 saxo

573 529 703 582 mire
735 525 937 577 exculta
987 523 1127 574 litori
1161 526 1420 577 imminet.
1465 523 1550 575 Ad
1598 525 1695 574 hoc
1745 525 1851 576 ibi-

575 619 768 673 demin
794 618 849 667 in
877 615 984 684 ipso
1011 616 1160 667 litore
1183 618 1320 668 aliud
1372 617 1648 669 aedificium
1692 637 1846 687 opere

578 712 802 768 mirabili
855 729 885 761 a
903 709 1246 760 fundamentis
1280 710 1438 760 modo
1458 708 1623 761 facere
1648 713 1848 781 occepit

572 804 940 880 potentissimus
964 803 1181 855 Ioannes
1204 801 1298 854 III
1327 804 1461 864 Rex,
1487 804 1856 875 Dominusque

575 904 740 959 noster
767 938 782 960 ,
828 900 964 968 quod
1007 917 1128 949 cum
1172 897 1289 949 Deo
1331 898 1584 968 Divisque
1608 901 1851 970 propitiis

578 997 643 1048 ad
668 993 869 1045 exitum
898 989 1190 1059 perduxerit
1222 1028 1235 1048 ,
1279 989 1521 1042 octavum
1570 991 1748 1042 locum
1777 991 1854 1042 ci-

578 1081 749 1135 vitatis
786 1078 1074 1130 ornamenti
1115 1077 1369 1129 obtinebit
1398 1114 1414 1136 ,
1461 1097 1518 1129 ac
1554 1079 1764 1147 reliquis
1791 1097 1853 1130 o·

578 1172 785 1223 mnibus
829 1170 1056 1239 palmam
1096 1167 1247 1217 facile
1275 1167 1556 1235 praeripiet.

651 1265 983 1316 POSTREMO
1010 1260 1057 1312 ei
1083 1261 1254 1329 regiae,
1283 1278 1438 1328 quam
1462 1260 1692 1311 diximus
1722 1260 1855 1313 Em-

578 1355 870 1410 manuelem
896 1351 1157 1405 aedificaffe
1177 1389 1191 1410 ,
1230 1370 1258 1402 e
1285 1352 1496 1421 regione
1522 1352 1674 1404 huius
1701 1373 1851 1407 novae

581 1449 915 1506 instruc’turae,
937 1444 1281 1497 Occidentem
1298 1445 1485 1506 versus,
1507 1445 1672 1516 platea
1692 1447 1854 1498 inter-

581 1545 740 1615 posita
763 1543 1066 1611 contiguum
1086 1540 1153 1590 est
1176 1540 1482 1611 septimum,
1510 1542 1855 1613 Vltimumque

586 1637 851 1707 publicum
876 1647 1277 1683 monumentum
1307 1670 1321 1691 ,
1365 1633 1509 1683 cellis
1534 1634 1855 1702 quampluri-

587 1734 708 1788 miS‚
724 1746 780 1778 ac
801 1726 1042 1778 tricliniis
1058 1742 1257 1792 quaqua
1272 1724 1468 1775 versum
1490 1724 1758 1775 artificiose
1777 1725 1856 1775 fa-

587 1821 826 1873 brefaciis
848 1818 1165 1877 instructum,
1179 1829 1230 1867 vt
1245 1818 1310 1866 ob
1337 1816 1641 1867 interiorum
1662 1817 1854 1868 aedium

585 1909 898 1976 multiplices
922 1907 1150 1965 receffus,
1179 1905 1440 1972 aditusque
1461 1906 1683 1958 diversos
1710 1908 1856 1976 laby-

586 2004 815 2056 rinthum
842 2002 933 2051 effe
956 2019 1069 2051 vere
1096 2000 1372 2051 existimes.
1401 1999 1486 2051 Ibi
1512 2000 1680 2070 Reges
1703 1999 1856 2052 nostri

589 2094 1041 2144 armamentarium
1073 2091 1267 2161 ingenti
1287 2109 1549 2143 armorum
1573 2093 1743 2142 omnis
1767 2111 1858 2161 ge-

591 2189 724 2240 neris
750 2187 898 2255 copia
922 2186 1166 2236 refertum
1201 2186 1569 2238 constituerunt
1589 2224 1603 2246 ‚
1649 2186 1854 2235 machi-

567 2300 753 2338 narum
804 2282 932 2331 item
981 2281 1031 2330 δε
1080 2292 1472 2332 tormentorum
1489 2319 1506 2342 ,
1528 2294 1657 2332 tum
1686 2296 1861 2331 rerum

593 2378 832 2430 omnium
855 2413 880 2434 ‚.
899 2393 1008 2443 quae
1035 2375 1097 2425 ad
1122 2374 1313 2426 bellum
1339 2389 1471 2430 terra
1505 2376 1735 2445 marique
1767 2394 1862 2445 ge·-

595 2474 808 2525 rendum
832 2470 1104 2538 pertinent,
1125 2483 1363 2539 apparatu
1393 2473 1517 2522 adeo
1533 2470 1860 2525 instructum,

595 2582 649 2618 vt
674 2564 851 2617 ceteris
876 2563 1116 2614 omnibus
1133 2602 1146 2623 ‚
1169 2583 1280 2632 quae
1309 2563 1533 2634 Europa,
1559 2564 1734 2615 Afiave
1759 2562 1861 2611 ho«

601 2661 680 2711 die
702 2657 1068 2710 instructiffima
1083 2654 1537 2727 copiosimimaque
1556 2657 1738 2708 habere
1755 2651 1862 2702 fer<

1698 2758 1779 2797 tur
1799 2776 1832 2804 ,-
