1931 3239
443 266 446 270 Α
528 235 1006 275 ΑΗῙεφΑΝῐᾸ
1291 226 1370 301 69

131 348 307 398 ·Comes
328 345 386 393 de
404 339 634 410 Arganil,
821 344 989 396 Comes
1024 339 1083 395 de
1110 341 1299 396 Prado.

129 439 306 490 (omes
354 436 410 484 de
437 433 694 486 Abrantes.
810 437 963 486 Comes
988 438 1045 486 de
1071 435 1314 487 Redondo.

147 530 303 579 Comes
345 528 401 576 de
431 526 662 577 Vimiozo.
814 527 1075 579 Vicecomes
1094 527 1151 577 de
1175 524 1342 577 Lima.

139 618 302 670 Comes
323 621 378 668 de
407 617 534 670 Villa
549 615 729 671 Noua.
807 619 970 689 Regni
985 616 1370 688 Archithalaffits
1390 652 1406 676 ,

135 711 300 762 Comes
332 713 389 760 de
413 708 672 762 Linhares.
895 713 1040 777 vulgo
1083 721 1245 760 terrae
1269 707 1409 760 Ami-

133 804 298 855 Comes
323 805 380 854 de
409 800 694 871 Vidigueira
720 840 735 863 ‚
909 804 1097 854 raldus.

132 940 134 942 v
207 896 511 950 Nauarchus
534 935 549 957 ,
595 901 738 968 vulgo
810 899 947 951 Baro
982 898 1036 946 de
1057 892 1239 946 Aluito.

207 988 509 1040 Amiraldus.
809 987 991 1040 Refflor
1013 986 1145 1058 ,flue
1171 984 1408 1042 Praetor,

150 1079 317 1130 Comes
356 1082 412 1130 de
439 1080 678 1132 Sortelha.
899 1081 1097 1133 omnium
1139 1094 1410 1145 regnorum,

142 1172 312 1223 Comes
335 1172 392 1221 de
422 1172 755 1241 Cqstanheira.
904 1177 1047 1240 vulgo
1097 1172 1338 1238 Regedor.

253 1313 327 1365 Hi
352 1315 616 1385 Hispaniae
642 1328 901 1386 magnates
927 1315 1056 1366 mihi
1085 1328 1283 1365 tantum
1311 1330 1402 1363 co-

146 1404 279 1474 gniti
321 1406 453 1458 sunt.
534 1408 664 1459 Puto
709 1409 873 1458 adhuc
921 1407 1048 1457 alios
1096 1420 1238 1456 extra
1293 1421 1403 1454 me-

150 1516 235 1548 am
268 1501 505 1550 notitiam
533 1501 623 1551 esse
649 1539 660 1559 ‚
690 1519 815 1571 quos
844 1500 926 1549 hie
960 1499 1200 1568 adiungat
1229 1536 1243 1556 ,
1276 1494 1414 1566 quis-

154 1593 270 1661 quis
318 1611 402 1644 eos
425 1612 507 1643 me
534 1593 715 1644 melius
765 1595 995 1644 noverit:
1037 1609 1255 1661 quorum
1295 1608 1417 1659 pro-

146 1695 326 1732 ventus
366 1682 559 1734 viritim
607 1702 708 1734 non
735 1685 989 1753 exprimo.
1036 1685 1098 1736 Id
1136 1685 1276 1735 enim
1304 1701 1397 1734 cu-

151 1773 314 1824 riosus
357 1775 521 1827 ]εᾶοῑ
561 1780 692 1847 apud
721 1779 945 1829 Lucium
976 1779 1291 1831 Marinaeum
1334 1777 1412 1828 Si-

150 1865 326 1916 culum
373 1869 591 1935 requirat
620 1907 633 1929 ‚
673 1872 759 1938 qui
800 1889 907 1922 rem
935 1892 1036 1921 non
1066 1872 1280 1921 omnino
1328 1870 1410 1918 in-

157 1955 376 2006 feliciter
434 1961 670 2010 tentavit.
715 1961 826 2030 Ego
886 1977 1054 2012 autem
1108 1960 1416 2032 perspiciens

150 2067 273 2126 deum
316 2049 614 2117 quibusdam
663 2053 868 2103 istorum
907 2054 1208 2124 Principum
1261 2053 1374 2122 plus
1402 2091 1415 2113 ,

151 2143 266 2194 aliis
315 2146 485 2196 minus
532 2145 827 2198 diuitiarum
859 2187 870 2207 ,
920 2167 1073 2217 quam
1128 2150 1369 2219 postident
1401 2188 1414 2209 ‚

153 2237 376 2288 tribuere
407 2275 418 2294 ,
463 2236 511 2286 &
551 2234 709 2286 sciens
748 2256 901 2305 quam
933 2238 1139 2290 difficile
1178 2238 1235 2290 fit
1286 2239 1409 2290 alie·

158 2346 246 2379 nas
287 2328 552 2380 facultates
596 2330 657 2379 ad
683 2347 901 2399 vnguem
941 2349 1236 2383 enumerare
1270 2371 1283 2392 ,
1324 2351 1416 2383 vo-

153 2411 235 2493 tlui
272 2422 439 2489 potius
481 2420 615 2471 filere
647 2459 659 2479 ‚
705 2440 857 2490 qnam
905 2440 1009 2473 rem
1051 2442 1153 2473 non
1182 2422 1299 2474 satis
1326 2442 1416 2492 ap-

152 2515 360 2589 pensam
389 2517 616 2587 evulgare
645 2538 656 2568 :
688 2518 740 2568 id
765 2519 919 2568 etiam
947 2519 1134 2569 veritus
1161 2557 1172 2579 ,
1228 2520 1409 2571 iisdem

153 2603 278 2672 ipsis
314 2604 638 2678 Principibus
682 2625 785 2660 non
813 2606 930 2660 satis
958 2608 1206 2678 placitum
1235 2611 1295 2659 iri
1317 2608 1412 2658 hu·

1295 2719 1376 2753 ius
