1931 3239
153 249 324 288 rim-:s
353 246 602 285 RELIGIO
635 245 914 295 MORESQ
946 249 1235 288 Arrmor.
1299 239 1400 309 283

114 353 275 403 ticum
307 349 579 403 Oceanum
604 350 848 401 defertur.
887 349 991 401 Hic
1024 351 1140 401 Rex
1167 355 1403 420 proxime

109 463 137 494 a
161 442 412 496 Lusitanis
442 442 458 509 ζ
502 459 723 508 quorum
754 442 804 491 in
835 441 989 491 fidem
1020 443 1069 491 ἃ
1098 442 1401 509 potestatem

109 536 240 586 vltro
287 533 335 583 se
357 530 606 599 dederat)
656 531 948 583 Christiana
986 532 1119 583 sacra
1163 532 1399 602 suscepit.

106 624 190 675 Ab
241 623 402 673 austro
470 623 695 693 capillati
757 622 1036 691 Aithiopes
1094 637 1400 682 occurrunt,

105 719 192 786 qui
220 719 282 768 ad
309 716 723 786 promontorium
753 715 909 766 Bonae
960 714 1060 783 spei
1094 753 1107 772 ,
1160 713 1397 764 cuneatis

108 807 178 858 ibi
204 810 253 859 &
279 808 692 877 prominentibus
719 807 863 858 terris
912 807 1280 856 extenduntur.
1326 804 1404 856 Ea

109 917 232 968 gens
251 901 348 959 ‚vti
379 917 536 968 prope
555 896 862 968 Capricorni
891 897 1139 948 circulum
1171 895 1257 946 fita
1280 933 1293 954 ,
1314 913 1405 945 co-

105 988 267 1040 lorem
294 990 415 1040 oleae
447 1004 656 1040 maturae
684 988 845 1039 defert
864 1027 876 1047 ,
923 989 1153 1056 corporis
1182 986 1388 1038 habitus

108 1075 212 1125 illis
237 1077 388 1145 paulo
413 1075 699 1145 castigatior
732 1078 781 1126 δί
813 1077 999 1126 exilior
1030 1113 1041 1134 ,
1081 1077 1151 1125 ita
1179 1090 1230 1126 vt
1256 1074 1405 1126 cursu

111 1170 187 1219 vel
217 1169 453 1218 incitatos
473 1188 629 1236 equos
655 1169 928 1238 effugiant.
954 1170 1034 1219 Ab
1056 1168 1156 1226 his,
1175 1186 1293 1218 cum
1312 1168 1406 1219 sint

110 1263 268 1314 astuta
308 1281 365 1312 ac
394 1263 624 1314 insidiosa
669 1263 866 1313 feritate
894 1264 1145 1314 terribiles
1172 1300 1185 1320 ,
1231 1261 1396 1313 Fran-

112 1352 276 1403 ciscus
302 1352 568 1403 Almedius
595 1391 606 1411 ,
637 1354 759 1402 dum
799 1391 810 1410 ,
832 1353 1028 1421 magnis
1081 1353 1230 1402 rebus
1258 1351 1405 1420 gestis

116 1443 267 1496 India
291 1444 556 1501 decedens,
585 1462 702 1494 cum
728 1445 935 1494 x'iffi’trice
959 1445 1102 1494 claffe
1127 1443 1186 1492 ad
1209 1442 1397 1492 trium-

112 1538 274 1605 phum
303 1536 353 1584 in
376 1535 692 1586 Lufitaniam
723 1537 938 1595 rediret,
989 1538 1038 1588 &
1073 1538 1131 1586 ad
1170 1535 1403 1585 Saldani-

115 1644 231 1677 cum
255 1624 451 1676 fontem
475 1641 759 1694 aquaretur,
787 1628 1084 1679 interfecstus
1104 1629 1189 1679 est.
1226 1630 1305 1680 Ab
1324 1650 1408 1682 or·

115 1730 169 1766 tu
196 1733 315 1765 vero
349 1714 479 1764 Solis
502 1714 915 1784 Barnegasiorum
940 1717 1051 1768 Rex
1077 1717 1264 1769 Davidi
1290 1719 1410 1770 sub-‘-

119 1808 281 1857 'left-us
329 1805 537 1856 Arabici
584 1809 740 1858 maris
794 1809 915 1859 litus
958 1810 1167 1877 attingit
1221 1811 1273 1859 in
1303 1810 1411 1862 sinu

120 1897 363 1956 Adulico,
393 1902 477 1969 qui
507 1900 673 1949 statim
706 1901 842 1950 rubri
871 1902 1025 1950 maris
1054 1900 1302 1968 angustias
1330 1901 1412 1950 in-

120 1993 370 2044 trantibus
395 1996 457 2045 ad
483 1995 658 2044 laevam
706 1995 949 2044 occurrit.
998 1993 1077 2043 Ibi
1113 1993 1308 2044 Delaca
1335 1994 1405 2044 est

120 2081 302 2140 insula,
330 2102 439 2151 quae
455 2084 719 2134 stationem
742 2084 889 2133 habet
918 2121 930 2140 ‚
972 2084 1021 2133 &
1064 2083 1116 2133 in
1162 2083 1407 2152 proximo

122 2173 417 2223 continente
456 2186 629 2240 portus
669 2172 735 2220 est
786 2171 996 2221 nomine
1025 2170 1354 2238 Araquincus
1385 2210 1399 2230 ,

121 2261 194 2313 ita
217 2275 269 2311 vt
295 2261 443 2312 facile
464 2263 563 2312 iam
585 2261 728 2329 poffit
749 2261 810 2310 ad
830 2262 1094 2311 interiores
1123 2261 1396 2329 Abyffinos

126 2355 378 2427 perveniri
406 2393 419 2414 ,
461 2356 508 2406 &
537 2368 648 2405 tuto
674 2356 882 2424 quidem
910 2355 1090 2405 itinere
1114 2392 1126 2412 ‚
1175 2372 1294 2404 cum
1320 2371 1413 2421 pa-

128 2461 241 2497 cata
282 2446 549 2514 amicaque
594 2445 687 2496 sint
733 2444 929 2494 omnia.
993 2443 1412 2512 Barnegasiorum

128 2541 268 2598 Rex,
294 2552 442 2607 atque
469 2539 579 2589 eius
601 2539 821 2609 popuius
848 2576 860 2597 ,
896 2557 1000 2590 non
1034 2553 1138 2589 atra
1162 2576 1173 2597 ‚
1215 2537 1298 2588 sed
1323 2537 1416 2589 fla-

127 2628 267 2684 venti
302 2629 351 2682 &
377 2646 560 2698 cuprea
585 2628 802 2700 quadam
831 2627 1096 2698 nigredine
1121 2626 1408 2693 tinguntur,

1267 2709 1420 2762 habi-
