1931 3239
297 217 375 256 DE
411 211 597 252 BELLO
626 208 953 247 CAMBAICO
982 209 1110 247 SEC.
1253 209 1358 266 325

107 323 203 374 effe
229 323 388 374 voluit
419 357 433 379 ,
460 317 547 387 qui
576 315 660 366 sua
688 333 890 366 annona
911 351 924 372 ‚
957 311 1143 381 suoque
1172 313 1395 382 sumptu,

107 411 437 482 quadraginta
481 406 671 457 milites
719 403 808 453 fibi
846 402 907 453 ad
955 419 1068 451 eam
1121 402 1400 455 custodiam

111 503 381 555 attributos
425 499 609 550 alebat.
669 495 951 547 Stationem
1002 507 1171 545 autem
1202 531 1215 553 ‚
1244 511 1400 562 quam

110 608 258 644 antea
286 594 578 651 asseruabat,
611 590 795 642 Ioanni
827 590 1095 640 Verzeano
1114 588 1395 639 commisit.

100 685 182 739 Eo
231 700 462 756 tempore
506 703 606 735 non
656 683 804 752 pauci
850 682 1156 740 desiderati,
1191 681 1237 731 ἃ
1281 699 1398 748 per-

102 777 255 830 multi
309 778 361 827 in
414 795 528 828 arce
572 775 821 827 vulnerati
873 773 1036 826 fuere.
1081 773 1154 823 At
1189 772 1352 823 hostes
1381 808 1397 830 ,

99 887 260 939 quum
303 866 350 920 se
395 867 616 919 interdiu
663 885 767 917 non
817 866 938 918 satis
990 865 1180 916 vtiliter
1220 880 1399 915 manus

99 961 241 1030 operi
273 958 510 1010 admoliri
537 957 786 1012 viderent.
816 959 995 1016 noctu,
1019 956 1268 1025 quicquid
1296 973 1392 1023 po-

101 1064 268 1103 terant
299 1088 313 1109 ,
367 1049 692 1098 extruebant.
737 1047 912 1115 Quem
964 1066 1143 1097 eorum
1204 1045 1399 1096 succes-

110 1145 218 1194 sum
260 1140 620 1209 Mascaregnas
646 1177 659 1197 ,
693 1140 997 1190 candelabro
1037 1141 1100 1190 ad
1127 1139 1177 1190 id
1205 1141 1401 1208 ingenti

99 1231 311 1282 accenso
334 1269 346 1290 ,
372 1230 702 1299 impediebat,
728 1230 872 1280 cuius
895 1230 1158 1299 splendore
1184 1249 1392 1292 ornnes,

101 1325 189 1392 qui
224 1324 301 1375 vel
335 1324 527 1374 vallum
569 1323 994 1392 aggrediebantur
1018 1360 1034 1383 ,
1085 1323 1163 1373 vel
1193 1323 1403 1373 materi-

101 1436 185 1467 am
215 1417 486 1487 portabant
514 1453 528 1473 ,
559 1414 827 1484 conspicui
866 1415 990 1467 facti
1028 1416 1216 1468 iclibus
1247 1419 1398 1468 bom-

101 1510 374 1559 bardarum
401 1509 661 1575 patebant.
697 1507 900 1558 Interea
928 1507 1029 1558 loci
1058 1509 1289 1560 tumulus
1317 1510 1399 1559 in·-

98 1612 224 1662 gens
253 1634 266 1655 ‚
322 1610 453 1646 terra
488 1634 502 1655 ‚
550 1595 738 1665 cespite
769 1635 782 1656 ,
829 1598 1099 1668 lapideque
1141 1599 1397 1667 constipa-

99 1698 181 1736 tus
209 1725 223 1744 ,
261 1686 314 1737 in
356 1688 535 1757 templi
574 1687 706 1739 atrio
733 1689 986 1741 excitatur
1015 1728 1029 1750 ‚
1076 1691 1160 1741 cui
1206 1690 1400 1742 basilis-

105 1795 227 1827 cum
259 1816 272 1836 ,
312 1779 484 1829 tutelae
507 1780 700 1848 alioqui
723 1794 898 1851 portus
937 1781 1241 1834 destinatum
1272 1820 1285 1841 ,
1315 1781 1400 1834 su-

100 1869 507 1936 perimponunt:
554 1870 701 1920 cuius
747 1872 1056 1923 iaculatione
1098 1872 1253 1922 turris
1284 1890 1398 1923 cra·

101 1974 181 2011 tea
208 1962 261 2011 in
289 1974 489 2012 tantum
526 1964 842 2032 quassabatur
867 2003 881 2025 ,
910 1978 963 2015 vt
991 1982 1145 2014 nemo
1171 1962 1394 2015 hostium

98 2054 162 2103 ad
189 2070 302 2102 eam
351 2053 588 2103 accedere
617 2053 836 2122 amplius
884 2055 1089 2105 auderet
1117 2076 1128 2105 τ
1160 2066 1400 2104 verunta-

98 2164 220 2197 men
246 2161 408 2214 quum
441 2143 669 2213 ipsorum
698 2162 939 2196 numerus
966 2146 1132 2197 indies
1183 2164 1398 2216 augere-

98 2252 182 2290 tur
212 2276 225 2298 ,
267 2238 393 2289 vicit
418 2237 705 2287 multorum
744 2255 800 2287 ac
830 2236 1149 2307 integrorum
1194 2238 1397 2308 semper

98 2342 274 2376 recens
300 2327 444 2377 labor
488 2345 770 2396 paucorum
794 2367 808 2389 ,
832 2329 882 2379 &
908 2346 971 2379 ex
995 2329 1245 2380 continuo
1271 2347 1399 2397 ope-

99 2435 152 2466 re
187 2417 547 2470 exhaustorum
576 2458 590 2479 ‚
618 2422 977 2490 exiguitatem.
1028 2421 1211 2493 Itaque
1261 2423 1398 2474 vallo

97 2510 161 2561 ad
210 2510 372 2578 ipsam
406 2514 536 2564 arcis
587 2514 762 2566 fossam
791 2555 807 2574 ‚
847 2536 950 2586 quo
994 2535 1292 2587 pergyrum
1332 2517 1397 2566 ab

97 2614 312 2673 Vtroque
335 2621 494 2656 cornu
517 2605 819 2678 cingebatur
837 2645 853 2670 ‚
885 2607 1120 2662 absoluto
1143 2646 1158 2668 ‚
1182 2606 1400 2660 cunicu-

1298 2696 1366 2748 lis
