1915 3190
520 200 629 276 364
911 217 1197 254 DAMIANI
1251 217 1291 254 A
1339 214 1488 254 cot-:s

487 326 638 395 ipsius
667 323 820 375 turris
861 322 1025 374 fronte
1063 322 1369 373 constituunt
1399 361 1413 381 ,
1451 334 1599 390 atque
1646 319 1770 372 inde

484 415 763 467 bombat-da
788 432 843 464 ae
871 414 1060 463 duabus
1089 413 1341 462 machinis
1363 410 1590 462 adducffis
1622 447 1635 467 ,
1668 409 1766 458 do-

485 502 706 560 morurrr
756 506 888 556 teehz
934 506 1080 555 miris
1135 504 1302 554 modis
1353 502 1763 571 conquaffabant.

485 597 847 665 {Masearegnas
886 613 1001 645 vero
1052 613 1211 663 quum
1259 594 1338 644 his
1381 591 1766 644 difficultatibus

486 700 797 756 premeretur
826 723 839 745 ,
885 687 1178 736 bombardis
1205 683 1570 751 tormentisque
1613 679 1765 729 belli-

487 778 562 826 cis
590 777 651 826 ad
679 775 944 825 neceffaria
973 777 1084 825 loca
1126 775 1372 842 dispositis
1402 812 1416 833 ,
1448 772 1662 823 hostium
1690 771 1768 819 vi-

484 871 732 920 olentiam
764 905 777 926 ,
808 881 1052 936 quatenus
1080 869 1186 918 fieri
1214 882 1409 935 poterat
1437 906 1451 926 ‚
1494 868 1768 936 reprimere

484 958 840 1010 meditabatur.
895 953 1069 1019 Qiare
1113 970 1140 1001 e
1190 956 1397 1022 regione
1467 967 1771 1023 expugnatae

486 1046 643 1098 turris
668 1045 742 1095 D.
777 1044 1004 1094 Thomae
1028 1080 1040 1101 ‚
1064 1060 1252 1092 nouam
1279 1044 1459 1094 turrim
1481 1043 1723 1093 excitauit
1748 1080 1763 1100 ,

489 1151 553 1183 ex
583 1150 682 1199 qua
709 1131 757 1181 &c
785 1131 947 1180 maior
979 1131 1108 1181 arcis
1135 1149 1247 1200 pars
1287 1132 1642 1201 protegebatur
1670 1168 1685 1189 ,
1723 1130 1773 1183 &

486 1223 648 1275 hostes
678 1226 747 1275 ita
771 1226 988 1276 cohibiti
1017 1225 1129 1276 sunt
1159 1265 1172 1285 ‚
1200 1240 1252 1278 vt
1280 1245 1443 1295 neque
1470 1239 1617 1277 extra
1657 1242 1775 1275 mu-

486 1338 600 1372 rum
629 1336 779 1386 caput
829 1318 1003 1370 efferre
1033 1359 1045 1379 ,
1085 1338 1248 1388 neque
1292 1322 1345 1371 in
1383 1338 1553 1371 arcem
1604 1319 1773 1370 iacula.

485 1413 718 1464 emittere
752 1448 765 1469 ,
811 1411 899 1463 nisi
930 1429 1048 1462 cum
1078 1412 1278 1462 summo
1327 1413 1554 1481 periculo
1586 1450 1600 1471 ‚
1645 1411 1773 1462 vlte-

489 1507 595 1558 rius
622 1502 832 1571 poffem.
877 1502 1077 1554 Interea
1098 1505 1342 1573 temporis
1365 1504 1508 1574 super
1533 1504 1775 1561 fluuium,

487 1600 550 1650 ad
577 1597 945 1647 Rhomaeorum
970 1598 1213 1666 oppidum
1238 1598 1418 1665 vsque,
1439 1611 1649 1666 pontem
1676 1596 1773 1645 ho-

487 1685 584 1736 stes
629 1686 944 1735 deduxerunt
981 1724 993 1745 ,
1036 1706 1164 1755 opus
1205 1689 1500 1748 admirabile
1530 1726 1544 1747 ,
1593 1700 1773 1739 contra

485 1792 735 1843 aquarum
773 1775 1106 1842 rapidissimos
1141 1778 1355 1828 acceffus
1381 1815 1393 1836 ‚
1436 1778 1481 1828 δι
1520 1775 1728 1826 receffus
1757 1811 1774 1833 ‚

494 1888 583 1938 per
613 1887 766 1937 quem
807 1886 870 1918 ex
898 1868 1057 1919 insula
1101 1872 1152 1920 in
1181 1873 1527 1922 continentem
1566 1868 1779 1939 plaustra

486 1961 737 2011 vehiculis
789 1961 1038 2028 impositis
1070 2000 1083 2020 ‚
1133 1981 1190 2012 ae
1227 1975 1364 2013 totus
1415 1963 1664 2013 exercitus
1715 1962 1775 2011 ad

488 2053 758 2104 neeefiaria
796 2053 1106 2119 deportanda
1134 2054 1516 2123 inuehendaque
1543 2073 1777 2105 comme-

491 2148 662 2196 abant.
696 2145 841 2195 Dum
866 2145 975 2194 haec
999 2146 1061 2195 ad
1100 2145 1264 2196 Dium
1286 2149 1563 2216 agebantur
1588 2185 1600 2205 ,
1629 2165 1777 2198 men-

491 2237 540 2286 se
578 2235 859 2301 Septembri
907 2238 1128 2286 nuncius
1189 2237 1360 2289 Goam
1396 2239 1457 2288 ad
1501 2238 1775 2308 Protegem

492 2322 714 2373 defertur
735 2359 746 2378 ‚
773 2324 833 2371 de
863 2322 1169 2376 Ferdinandi
1199 2325 1381 2377 Castrii
1411 2326 1482 2376 sui
1510 2326 1602 2377 filii
1633 2338 1775 2379 mor·
1826 2361 1831 2364 -

492 2426 543 2462 te
575 2448 588 2468 ,
627 2411 675 2459 &
701 2409 841 2458 clade
884 2411 970 2460 illa
996 2449 1008 2468 ‚
1046 2432 1158 2480 quae
1195 2416 1258 2463 ad
1295 2416 1554 2466 decimum
1593 2415 1780 2486 Augu-

492 2500 549 2550 sti
580 2498 710 2566 ignis
744 2499 791 2548 vi
838 2499 1085 2567 obtigerat
1114 2539 1127 2558 ,
1167 2522 1318 2569 quam
1357 2503 1444 2554 sub
1494 2505 1649 2555 finem
1700 2506 1775 2556 se-

495 2589 648 2640 cundi
674 2587 1048 2640 Commentarii
1098 2593 1386 2645 retulimus,
1431 2594 1555 2663 Qio
1583 2594 1779 2651 nuncio,

1653 2682 1738 2734 etsi
