1965 3256
605 222 713 297 164
877 241 1160 285 DAMIAM
1217 248 1255 286 A
1289 248 1434 289 cons

560 348 726 408 modi
758 352 1029 410 vaticinia
1077 374 1179 431 per
1220 370 1275 416 te
1320 359 1709 437 adimpletum
1751 356 1826 419 iri

557 453 927 513 confidimus,
973 457 1201 515 Adsunt
1227 459 1320 517 hic
1351 462 1531 519 modo
1562 461 1814 519 Aethio..

556 577 656 636 pes
686 607 701 631 ,
729 582 868 639 gens
896 585 1106 644 magna
1133 567 1191 623 δε
1226 566 1437 624 Christi
1467 565 1817 635 auidiffima,

551 666 714 720 cuius
743 664 1111 724 sanstiffimus
1141 668 1463 746 imperator
1488 668 1814 725 amicitiam

562 765 988 845 Europaeorum
1050 771 1505 830 Christianorum
1578 770 1817 846 cupiens

549 868 624 926 ad
675 886 763 941 te,
803 874 864 931 &
890 874 962 931 ad
993 873 1388 932 inuic‘tiffimos
1419 874 1605 951 Reges
1652 869 1821 930 Lufi-

549 973 723 1029 taniae
753 1018 769 1043 ,
813 976 1027 1055 legatos
1061 976 1214 1033 mifit
1237 1022 1252 1045 ,
1300 996 1399 1052 per
1421 996 1565 1052 quos
1609 989 1671 1032 vt
1698 974 1820 1032 cius

546 1071 799 1148 epistolis
874 1089 1112 1149 apparet
1135 1119 1151 1142 ,
1218 1094 1333 1130 non
1416 1089 1644 1132 tantum
1714 1073 1820 1131 fibi

548 1170 931 1228 Christianam
995 1171 1317 1228 amicitiam
1362 1173 1423 1228 δε
1472 1171 1820 1229 charitatem

544 1272 710 1350 cupit
759 1292 792 1329 a
821 1272 1187 1350 Principibus
1240 1272 1544 1350 Europaeis
1595 1272 1818 1348 imper-

545 1371 678 1442 tiri,
714 1391 916 1430 verum
958 1372 1136 1430 etiam
1191 1370 1422 1430 eosdem
1457 1379 1473 1448 (
1507 1390 1650 1448 quos
1690 1367 1819 1427 affi-

549 1473 663 1531 due
693 1476 753 1534 in
776 1473 1148 1532 acerbissimis
1171 1472 1471 1531 discordiis
1499 1474 1662 1531 nouit
1689 1491 1820 1529 vcr-

541 1575 644 1634 sari
680 1581 697 1649 )
751 1575 822 1633 ad
857 1574 1244 1633 Christianam
1301 1574 1679 1632 concordiam
1722 1576 1818 1653 pi..

539 1675 822 1733 entiffime
847 1675 1201 1734 adhortatur.
1238 1675 1350 1732 Res
1376 1673 1506 1731 sanc
1534 1676 1612 1732 ob
1632 1693 1814 1750 quam

538 1790 737 1830 omnes
758 1773 974 1849 pudore
1002 1773 1151 1830 affici
1179 1772 1482 1830 debemus,
1543 1771 1811 1832 Surrexit

540 1896 674 1934 vcro
698 1877 811 1934 iam
848 1875 1071 1954 Regina
1098 1877 1244 1933 Saba
1275 1922 1292 1946 ‚
1337 1877 1397 1934 &
1427 1890 1598 1933 vocat
1628 1875 1690 1932 in
1717 1877 1811 1933 iu-

540 1977 763 2036 dicium
793 2024 811 2049 ,
881 1996 1064 2036 errata
1110 1978 1295 2035 nostra
1363 1979 1807 2057 reprehendens.

538 2080 959 2157 Adimplcntur
1024 2082 1234 2140 Christi
1308 2081 1640 2160 Prophetiae
1669 2131 1685 2156 ‚
1748 2088 1811 2144 δε

538 2198 682 2255 quos
748 2179 868 2257 ipsc
924 2183 1125 2258 eligit,
1183 2183 1461 2259 paulatim
1510 2184 1582 2240 ab
1632 2184 1807 2262 ipsius

535 2275 820 2335 consortio
876 2280 1253 2352 dilabuntur,
1305 2281 1535 2359 eiusque
1585 2304 1810 2361 praecc-

536 2394 637 2455 pta
667 2423 682 2447 ,
735 2381 793 2436 ἃ
826 2382 1095 2456 promiffa
1138 2382 1528 2442 deuoluuntur
1568 2385 1640 2442 ad
1671 2402 1766 2443 eos
1787 2425 1808 2450 ,

535 2478 635 2556 qui
690 2476 928 2536 Ethnici
984 2483 1044 2537 &
1073 2502 1103 2537 a
1134 2483 1363 2540 Christo
1405 2485 1578 2544 alieni
1622 2502 1798 2561 repu-

530 2579 819 2635 tabantur.
869 2577 920 2633 Is
948 2578 1104 2634 enim
1137 2578 1504 2657 Aethiopum
1536 2580 1802 2654 Impera-

533 2697 623 2740 tor
650 2724 668 2752 ,
703 2698 839 2739 cum
889 2682 1159 2742 omnibus
1203 2681 1313 2740 suis
1358 2685 1551 2762 regnis
1579 2728 1594 2751 ‚
1625 2695 1683 2735 vt
1730 2696 1801 2736 cx

1558 2779 1747 2838 nostra
