1931 3239
301 229 534 272 DIENSIS
578 226 756 265 vas
797 227 1198 270 oPPVGNATIO
1283 229 1387 293 147'

168 339 271 409 ptis
291 377 305 396 ,
356 354 418 386 ne
442 335 502 384 ab
527 333 698 402 aliquo
718 335 1093 403 mancipiorum
1115 356 1177 387 ex
1206 356 1315 389 arce
1344 338 1430 388 fu·

158 428 342 501 genti,
381 427 543 477 hostes
574 444 686 478 eam
737 428 1096 498 intelligerent.
1140 428 1254 479 Hac
1281 430 1432 480 noete

159 523 366 592 quidam
404 520 633 572 Venetus
678 534 826 571 nauta
853 559 866 578 ,
911 522 1099 590 pietate
1130 522 1234 572 veri
1273 518 1432 570 Chri-

155 615 301 667 stiani
346 614 555 666 affectus
580 614 627 663 se
650 614 711 664 ad
738 613 927 666 nostros
950 614 1131 666 furtim
1182 614 1235 663 in
1263 629 1436 664 arcem

157 712 378 762 contulit
406 748 421 770 ,
459 711 546 779 qui
575 710 820 760 indicauit
869 708 1189 761 Solimanum
1229 710 1294 759 ob
1330 707 1412 758 in-

159 816 367 871 gentem
420 801 627 852 suorum
675 819 730 853 ac
755 802 913 853 claffis
956 802 1202 853 iacturam
1247 799 1435 850 consti-

158 896 301 947 tuisse
323 934 338 957 ,
383 895 475 946 nisi
504 897 594 946 illo
643 896 724 947 die
748 934 761 948 .
818 915 919 966 quo
963 910 1039 948 ter
1069 913 1237 946 arcem
1268 908 1436 945 tenta-

160 1004 302 1041 uerat
332 1029 346 1050 ‚
383 1008 493 1040 eam
534 989 812 1058 superaret,
841 990 994 1041 castra
1045 1007 1316 1047 amouere,
1343 1006 1435 1038 na-

163 1081 347 1149 uesque
404 1081 778 1142 conscendere,
822 1082 871 1132 &
921 1080 1201 1131 Meccham
1267 1079 1435 1130 versus

162 1173 421 1240 nauigare.
455 1170 613 1238 Qod
638 1172 737 1221 iam
767 1171 933 1241 magis
954 1172 1227 1240 cogebatur
1247 1168 1441 1229 facere,

163 1264 231 1313 ob
257 1277 479 1315 atrocem
502 1276 764 1333 acceptam
785 1263 1020 1332 stragem.
1055 1261 1302 1312 Praeterea
1322 1279 1438 1311 nar-

166 1356 339 1414 rabat,
375 1355 545 1424 ipsum
573 1354 894 1406 Solimanum
945 1355 1074 1404 mire
1116 1352 1441 1404 succensuisse

167 1441 301 1494 Coie
338 1442 547 1495 Coffaro
572 1444 723 1496 occisi
768 1445 924 1515 Regis
964 1442 1228 1495 Cambaiae
1259 1443 1396 1497 Duci
1422 1479 1439 1502 ,

168 1556 324 1608 aquo
351 1540 587 1591 afferebat
637 1538 684 1590 se
728 1540 1138 1591 circumuentum
1178 1541 1272 1591 effe
1298 1577 1312 1599 ,
1353 1539 1440 1608 qui

168 1632 349 1701 saepius
402 1634 450 1684 &
477 1651 649 1686 coram
676 1672 690 1694 ,
735 1635 783 1684 &
810 1651 897 1701 per
916 1633 1106 1683 litteras
1128 1633 1407 1684 affirmasset
1425 1670 1439 1691 ‚

169 1741 336 1774 arcem
364 1724 582 1774 minime
633 1724 856 1775 futuram
887 1724 1120 1775 aduersus
1166 1725 1322 1793 ipsius
1349 1742 1445 1793 po-

166 1813 384 1863 tentiam
418 1851 432 1871 ,
474 1811 621 1882 seque
671 1813 880 1864 vlterius
925 1814 1218 1865 habiturum
1263 1832 1441 1864 omnes

172 1902 341 1971 Reges
370 1902 533 1953 Indiae
583 1902 816 1954 aduersus
861 1903 1130 1955 Lusitanos
1168 1903 1444 1972 promptis-

172 1995 325 2046 simos
351 1993 536 2046 socios.
577 1994 721 2045 Nam
755 1994 870 2044 illos
919 1997 1152 2047 vnanimi
1197 1995 1447 2049 sententia

174 2088 265 2158 ipsi
291 2087 531 2158 pecunias
557 2104 614 2137 ac
643 2088 815 2156 copias
840 2089 1062 2140 venienti
1091 2091 1293 2140 mittere
1318 2107 1444 2139 con-

173 2181 375 2233 stituiffe
403 2219 417 2241 ,
457 2199 571 2250 quae
639 2181 813 2232 omnia
859 2181 982 2232 falsa
1026 2200 1081 2232 ac
1125 2181 1448 2233 fraudulenta.

165 2273 526 2342 deprehendit.
574 2270 670 2323 Sed
695 2272 744 2323 &
790 2272 951 2323 multa
998 2273 1144 2343 plura
1177 2273 1308 2325 dixit
1349 2273 1444 2322 bo-

178 2381 272 2413 nus
307 2364 391 2413 ille
417 2362 675 2431 transfuga
697 2400 711 2422 ,
757 2379 868 2430 quae
896 2361 1062 2432 postea
1087 2381 1201 2412 vera
1236 2362 1447 2411 inuenta.-

179 2455 339 2505 fuere.
402 2455 646 2503 Attamen
671 2450 822 2502 nostri
840 2469 932 2520 pro
951 2453 1195 2520 temporis
1222 2451 1445 2511 ratione,

179 2545 288 2596 eius
315 2546 478 2598 verbis
521 2564 626 2597 non
652 2562 892 2615 magnam
920 2545 1224 2596 adhibebant
1251 2545 1403 2594 fidem
1429 2582 1445 2602 ,

183 2638 375 2692 tametsi
419 2639 525 2693 haec
551 2640 808 2695 audientes
847 2640 1024 2692 animo
1048 2638 1285 2693 nonnihil
1313 2635 1448 2687 refo-

1273 2726 1416 2779 cilla-
