1965 3256
602 242 711 302 162
880 262 1160 304 DAMIANI
1208 265 1243 302 A
1279 264 1416 304 σοῖς

553 377 668 437 rius
698 418 713 442 ,
749 370 869 429 eius
910 371 1226 430 Vniuersali
1291 372 1563 430 Ecclefiae
1615 372 1815 451 praefi..

554 480 652 537 des
682 522 697 545 ‚
737 473 954 531 caeteris
985 474 1147 530 nobis
1178 475 1448 531 omnibus
1499 473 1685 553 magis
1711 476 1817 532 de·-

553 588 741 643 betur.
788 578 1189 655 Qamobrem
1221 595 1386 637 tuum
1431 580 1509 636 est
1559 579 1817 637 officium

555 692 575 757 (
611 676 765 757 quod
838 676 1014 733 etiam
1087 678 1204 734 iam
1265 698 1405 734 curn
1460 696 1669 754 magna
1723 677 1820 756 spe

551 777 820 840 omnium
850 775 1109 852 incepisti
1146 779 1163 845 )
1201 775 1626 833 calamitatibus
1670 794 1818 852 quo-

555 879 698 937 tidie
766 876 941 952 ipsius
1006 876 1215 932 Christi
1287 877 1427 934 ouili
1511 894 1822 934 occurren-

554 983 708 1039 tibus
741 979 999 1048 mederi,
1040 980 1299 1054 &opcra
1326 1023 1341 1046 ,
1393 980 1453 1036 &
1497 979 1684 1035 studio
1722 992 1824 1033 tuo

554 1084 778 1142 efficere
797 1125 812 1148 ,
838 1095 899 1136 vt
934 1080 1040 1155 ipfi
1064 1078 1165 1136 soli
1196 1079 1422 1136 Christo
1451 1094 1604 1136 totus
1648 1099 1826 1137 mun-

556 1187 662 1244 dus
692 1201 889 1263 pareat
916 1229 932 1253 ,
977 1201 1041 1238 ac
1073 1179 1291 1238 credat.
1340 1179 1492 1237 Cum
1537 1197 1672 1236 vero
1699 1196 1828 1235 cre-

557 1288 771 1347 diderit
803 1334 818 1358 ,
868 1300 929 1342 vt
957 1283 1063 1342 tibi
1087 1329 1103 1353 ‚
1151 1283 1498 1360 monitisque
1538 1281 1650 1340 tuis
1679 1328 1696 1353 ,
1723 1302 1828 1339 ve-

557 1390 659 1446 luti
713 1386 864 1445 Petri
893 1381 1188 1441 successori
1227 1428 1242 1451 ,
1266 1382 1326 1438 in
1354 1371 1626 1439 omnibus
1655 1427 1670 1451 ,
1695 1399 1827 1456 quae

558 1497 631 1554 ad
660 1494 898 1551 salutem
936 1489 1262 1546 animarum
1294 1485 1549 1563 spectant
1577 1531 1592 1555 ‚
1623 1483 1828 1542 obedi-

557 1613 677 1655 ant.
791 1594 902 1652 uod
930 1612 1068 1651 cum
1113 1588 1362 1648 euenerit
1389 1633 1405 1657 ‚
1431 1587 1696 1645 dicemus
1731 1630 1746 1653 ‚
1769 1601 1826 1642 te

561 1700 829 1767 auclore,
886 1692 1255 1774 prophetiam
1307 1689 1473 1746 vnius
1547 1686 1782 1764 pastoris
1813 1732 1830 1757 ‚

559 1801 621 1858 8:
675 1798 844 1855 ouilis
895 1793 1277 1870 adimpletam
1329 1790 1455 1849 effe.
1519 1787 1698 1846 Cuius
1746 1783 1828 1845 rei

559 1900 822 1978 palmam
879 1898 920 1955 fi
965 1893 1283 1952 obtinueris
1313 1938 1328 1961 ,
1391 1890 1518 1966 quis
1571 1888 1834 1965 profecto

560 2000 919 2059 Pontificum
949 2043 965 2067 ‚
1005 2010 1061 2052 te
1089 1995 1177 2052 vel
1200 1994 1453 2061 honore,
1512 1991 1601 2048 vel
1644 1989 1832 2048 felici-

559 2118 675 2161 tate
703 2147 719 2169 ‚
778 2100 866 2157 vel
924 2097 1130 2154 merito
1157 2094 1400 2152 anteibit
1429 2092 1449 2148 ἒ
1483 2093 1571 2150 vel
1601 2092 1697 2150 cui
1725 2089 1833 2148 tri-

577 2206 795 2283 plicem
825 2202 1026 2259 tiaram
1049 2200 1265 2256 maiore
1281 2198 1403 2273 iure
1426 2192 1836 2261 concedemuS,

563 2324 742 2381 quam
773 2301 880 2357 tibi
911 2301 934 2354 ?
963 2318 1159 2375 quam,
1188 2315 1249 2354 vt
1273 2295 1652 2372 consequariS‚
1680 2309 1835 2350 tem-

569 2427 709 2487 pora
752 2404 925 2473 ,licet
952 2399 1209 2475 alioquin
1251 2399 1540 2468 infelicia,
1586 2412 1832 2473 magnas

565 2509 674 2566 tibi
727 2504 1051 2563 occafiones
1094 2518 1248 2556 nunc
1279 2501 1550 2577 praestant
1579 2542 1594 2566 ‚
1640 2495 1833 2554 infeli-

567 2609 656 2667 cia
706 2608 943 2683 inquam
974 2649 989 2672 ‚
1046 2602 1121 2658 ob
1149 2619 1239 2657 eas
1267 2600 1621 2656 calamitates
1648 2641 1663 2665 ‚
1691 2613 1830 2671 quas

567 2712 629 2769 in
683 2708 917 2786 Europa
958 2700 1268 2764 medendas
1313 2701 1509 2759 habes,
1559 2697 1713 2774 Qae
1765 2707 1828 2752 vt

1645 2812 1794 2853 vici-
