1931 3239
316 255 389 291 DE
418 250 610 286 BELLo
637 248 973 285 CAMBAICO
1005 246 1130 289 SEC.
1286 247 1401 308 315*

110 357 461 411 funfflonibus
486 365 748 422 ageretur:
803 353 933 402 arcis
975 353 1219 404 stationes
1248 354 1397 405 Μείζ-

111 465 344 516 caregnas
376 447 472 495 hoc
523 445 674 514 paeto
715 444 1080 496 distribuendas
1132 447 1396 497 existima-

106 540 204 590 izit.
249 537 503 588 Ioannem
531 537 831 590 Almeidam
857 539 985 587 turri
1019 539 1067 588 δε
1099 557 1393 607 propugna-

106 627 223 677 culo
252 625 382 677 Diui
426 625 603 676 Iacobi
628 628 803 696 (quod
855 628 908 678 in
940 627 1181 696 superiori
1234 647 1400 698 oppu-

105 717 348 784 gnatione
421 719 611 769 crebris
655 718 952 770 Turcarum
995 720 1399 770 iaculationibus

106 825 360 861 corruerat
387 808 404 877 )
431 824 655 863 tutorem
705 813 968 883 affignauit
996 835 1007 863 :
1063 813 1403 865 Lodouieurn

107 901 281 953 Sosam
307 940 321 961 ‚
358 904 483 954 turri
513 905 587 956 D.
632 905 898 956 Thomae:
937 906 1212 976 AEgidium
1255 905 1390 956 Cot-

107 1001 297 1053 tinium
321 1037 335 1059 ,
375 1001 501 1051 turri
528 1000 613 1050 ·D.
671 1002 916 1052 Ioannis:
965 1003 1261 1052 Antonium
1292 1001 1397 1052 Pe-

111 1110 335 1145 zannam
365 1130 378 1151 ‚
429 1092 554 1142 turri
582 1091 655 1142 D.
693 1092 911 1162 Georgii
939 1131 950 1148 ‚
985 1113 1097 1162 quae
1128 1095 1272 1163 supra
1301 1112 1398 1144 no-

115 1205 239 1237 uam
267 1186 397 1236 arcis
424 1201 622 1255 portam
650 1185 739 1236 fita
765 1186 856 1236 est:
887 1185 1139 1236 Ioannem
1169 1186 1398 1237 Verzea-

110 1296 236 1328 num
265 1275 589 1345 mesopyrgio
617 1276 804 1326 minori
836 1297 846 1326 :
879 1275 1208 1345 Alphonsum
1238 1276 1400 1327 Boni-

112 1375 304 1426 facium
328 1413 339 1433 ,
369 1374 493 1425 turri
520 1411 532 1431 ,
563 1391 674 1442 quae
706 1373 780 1424 D.
810 1373 986 1423 Iacobi
1017 1371 1404 1443 propugnaculo

117 1466 361 1518 imminet
410 1486 421 1515 :
487 1464 778 1514 Antonium
831 1463 1149 1514 Rodericum
1201 1464 1404 1532 regium

115 1560 413 1629 quaestorem
444 1596 456 1617 ‚
485 1558 809 1629 mesopyrgio
839 1559 1023 1609 maiori
1048 1580 1059 1609 ε
1112 1558 1406 1610 Antonium

117 1652 369 1705 Fraerium
398 1654 627 1721 legatum
661 1690 674 1711 ‚
705 1652 827 1702 turri
870 1651 1015 1721 supra
1035 1665 1252 1702 veterem
1283 1671 1406 1721 por-

121 1759 226 1797 tam
257 1747 359 1796 snae
390 1766 401 1794 ε
434 1745 641 1814 singulis
669 1743 831 1794 ferme
857 1729 1075 1795 istorum
1099 1783 1111 1802 ,
1140 1745 1200 1794 ad
1228 1745 1406 1796 statio-

120 1847 246 1879 num
275 1828 550 1878 custodiam
588 1868 600 1888 ,
630 1831 813 1899 viginti
847 1832 1018 1881 traditi
1047 1832 1237 1882 milites
1266 1831 1400 1882 sunt.

117 1919 262 1971 Nam
289 1933 408 1968 tunc
432 1923 677 1990 temporis
705 1924 806 1972 arci
837 1924 1058 1973 maiores
1083 1924 1289 1975 defuere
1314 1943 1404 1974 co-

121 2016 220 2084 piae
251 2052 265 2073 ,
311 2015 359 2065 &
387 2014 619 2065 militum
645 2015 821 2082 inopia
846 2014 1168 2083 summopere
1195 2004 1399 2067 labora-

123 2107 292 2156 batur.
326 2104 559 2155 Praefeffli
583 2118 749 2155 autem
774 2104 848 2154 {sti
879 2143 890 2162 ,
929 2124 986 2154 ea
1013 2124 1124 2173 quae
1152 2107 1211 2156 ad
1240 2107 1368 2158 arcis
1387 2142 1402 2166 ,

132 2196 437 2264 suarumque
491 2197 710 2247 turrium
763 2196 1107 2247 defensionem
1152 2199 1406 2268 pertinere

127 2285 486 2335 existimabant
512 2324 524 2343 ,
571 2286 768 2338 summa
805 2306 925 2337 cura
955 2325 968 2345 ,
1011 2290 1061 2339 &
1115 2287 1277 2339 studio
1305 2310 1401 2359 pro

123 2375 259 2427 virili
300 2377 379 2427 die
420 2379 680 2449 1106'tuque
707 2381 984 2431 faciebant.
1045 2380 1246 2432 Eodem
1273 2397 1407 2433 tem-

125 2486 246 2537 pore
270 2470 423 2536 paulo
446 2469 592 2540 supra
621 2473 746 2523 illud
773 2473 962 2522 vallum
996 2511 1009 2531 ,
1059 2475 1195 2541 quod
1236 2473 1399 2523 hostes

127 2566 473 2617 excitauerant
505 2607 517 2628 ,
561 2587 665 2620 non
694 2569 882 2619 minori
929 2568 1245 2620 firmitudine
1273 2565 1411 2618 aliud

126 2676 333 2730 quoque
359 2661 528 2715 versus
576 2657 714 2716 mare
759 2663 1048 2715 excitarunt
1079 2700 1094 2722 ‚
1139 2664 1221 2714 cui
1250 2663 1411 2711 etiam

1273 2751 1413 2804 aliud
