1931 3239
342 216 419 259 1313
454 214 638 254 Bur-o
667 213 997 252 CAMBAICO
1030 217 1157 256 sse.
1272 200 1376 275 361

126 321 194 376 tis
234 321 608 374 munitionibus
639 359 652 381 ‚
684 321 1166 389 excubitoribusque
1219 325 1279 373 de
1330 324 1427 374 sta-

127 418 352 470 tionibus
393 415 607 485 depulsis
637 454 651 475 ,
699 415 749 465 in
779 413 933 465 castra
960 416 1254 482 prouolant.
1300 417 1419 469 Ho-

124 512 217 564 stes
265 524 381 558 vero
412 546 425 568 ‚
475 510 678 578 cognita
718 508 986 576 eruptione
1018 545 1031 566 ,
1076 507 1274 558 sublato
1315 512 1425 561 cla-

123 619 265 654 more
301 638 314 659 ,
340 600 583 670 signoque
633 602 751 650 dato
782 637 795 658 ‚
843 601 893 650 in
936 599 1127 652 nostros
1181 605 1422 670 protinus

125 690 487 742 inuehuntur:
529 688 619 758 qui
663 708 823 758 quum
855 690 1077 742 hostium
1129 693 1236 745 vim
1285 694 1431 746 susti·-

122 799 241 832 nere
270 797 374 829 non
400 781 625 831 valerent
653 818 666 839 ,
697 781 896 839 eadem,
927 800 1025 851 qua
1053 785 1322 848 venerant,
1349 807 1430 840 re-

120 890 200 927 tro
224 876 415 925 abeunt
445 912 459 934 ,
485 874 685 926 summa
718 876 768 926 δε
795 877 1059 927 incondita
1110 866 1348 947 trepidziti
1368 897 1430 931 0-

118 986 204 1022 ne.
253 964 438 1034 Itaque
494 966 880 1034 insequentibus
934 966 1159 1019 hostibus
1209 984 1422 1025 centum

118 1057 327 1109 circiter
353 1058 415 1107 de
445 1055 622 1108 nostris
649 1057 908 1109 desiderati
950 1058 1064 1110 sunt
1094 1097 1108 1119 ,
1138 1061 1273 1112 inter
1298 1078 1426 1130 quos

120 1148 231 1198 noti
280 1147 480 1215 equites
510 1145 738 1196 Lufitani
771 1184 784 1206 ‚
841 1146 1141 1200 Franciscus
1195 1149 1429 1202 Menesi—

119 1256 180 1288 us
214 1276 227 1297 ,
268 1236 570 1288 Franciscus
601 1236 843 1287 Almeida
868 1275 881 1296 ,
911 1238 1093 1307 Lupus
1122 1239 1241 1291 Sosa
1269 1279 1286 1301 ,
1313 1241 1429 1292 Ro..

118 1327 321 1378 dericus
364 1325 719 1377 Ferdinandus
771 1323 1094 1378 Chaulienfis
1146 1329 1426 1398 municipii

121 1419 339 1489 quaestor
372 1457 387 1479 ,
429 1417 730 1470 Franciscus
793 1417 1114 1472 Guillermus
1146 1459 1160 1480 ,
1212 1420 1428 1475 Nonius

119 1511 327 1566 Pereira
359 1551 373 1573 ,
417 1512 684 1565 Eduardus
711 1509 973 1563 Menefius
1026 1513 1229 1566 Pereira
1254 1551 1269 1574 ,
1329 1513 1429 1564 Fe-

118 1604 293 1654 rienfis
349 1603 560 1654 comitis
627 1602 783 1654 filius,
826 1602 936 1671 Qni
964 1623 1144 1656 omnes
1175 1643 1189 1665 ,
1221 1603 1428 1659 fortiter

119 1694 392 1763 pugnando
420 1732 434 1753 ,
479 1694 859 1763 oppetiuerunt.
908 1692 962 1744 Is
990 1731 1003 1753 ,
1064 1711 1219 1764 quem
1263 1695 1374 1766 dixi
1408 1731 1426 1754 ,

122 1782 369 1835 Ferienfis
395 1786 602 1836 comitis
649 1786 786 1836 filius
818 1823 831 1844 ‚
879 1786 1099 1837 hostium
1157 1786 1420 1855 impeturn

120 1874 402 1944 postremus
430 1874 599 1924 ferens
640 1913 654 1935 ‚
678 1877 875 1926 saucius
904 1878 1127 1946 grauiter
1158 1914 1171 1935 ‚
1221 1895 1317 1928 nec
1346 1877 1428 1926 lo-

121 1983 185 2016 co
213 1983 387 2017 tamen
439 1967 622 2017 cedens
653 2005 665 2026 ,
714 1967 938 2017 indolem
986 1967 1127 2018 suam
1158 2005 1173 2026 ,
1220 1967 1431 2018 clariffi-

121 2076 440 2127 morumque
468 2059 716 2109 natalium
766 2059 917 2108 decus
947 2096 961 2118 ‚
1012 2061 1213 2128 egregie
1257 2060 1426 2110 osten-

119 2153 198 2204 dit
225 2189 241 2210 ,
287 2151 650 2220 summumque
677 2152 879 2202 virtutis
928 2152 1026 2202 suae
1066 2152 1424 2205 testimonium

118 2243 424 2309 reportauit.
466 2242 612 2294 Nam
640 2243 835 2293 caeteris
879 2242 1056 2313 fugam
1105 2243 1432 2312 ignominio-

121 2331 231 2386 sam
257 2338 572 2405 exprobrans
619 2354 705 2387 eos
754 2337 898 2387 omni
949 2337 1145 2387 ratione
1191 2354 1432 2389 reuocare

122 2425 381 2478 nitebatur
409 2466 424 2488 ,
468 2446 592 2478 voce
640 2446 826 2496 magna
877 2428 1204 2478 inclamans:
1261 2428 1433 2480 Subsi-

120 2517 235 2574 stite
261 2521 646 2572 commilitones
676 2559 690 2581 ‚
716 2523 767 2572 δε
793 2522 970 2591 pectus
999 2521 1328 2589 frontemque
1377 2523 1430 2572 in

117 2608 323 2672 hostem
363 2613 616 2665 obuertite
641 2633 651 2664 :
692 2629 857 2679 neque
883 2628 989 2664 tam
1016 2609 1262 2682 probrose
1294 2611 1435 2682 fugi-.-

720 2705 799 2762 Bb
823 2721 857 2764 2
1294 2704 1392 2758 atis
