1931 3239
287 203 590 252 DE-BELLO
624 211 955 248 cAM-BAmo
980 211 1110 249 see.
1287 205 1394 268 339

126 319 326 372 &orem
369 318 461 368 effe
493 355 507 376 ,
553 330 603 368 vt
637 336 697 368 eo
726 317 874 384 vsque
901 316 1196 384 expefitetur
1220 355 1234 376 ‚
1266 319 1430 368 donec

125 411 347 461 hostium
374 407 671 476 quempiam
700 403 1060 472 interciperent
1091 442 1105 463 ,
1142 424 1168 454 a
1198 425 1301 473 quo
1331 408 1427 456 ho-

124 503 250 554 stilis
274 500 531 550 exercitus
579 498 988 567 magnitudinem
1017 535 1032 556 ‚
1071 496 1300 565 viresque
1331 518 1424 551 co-

114 590 391 663 gnoscant.
438 590 655 641 Interim
706 607 824 638 vero
874 588 993 638 aliis
1040 580 1191 656 atqu‘e
1262 590 1375 640 aliis
1404 629 1420 650 ,

123 696 250 752 'quas
277 681 504 751 quotidie
550 680 886 750 expe&abant
916 718 930 738 ,
977 679 1195 729 nauibus
1224 681 1277 732 in
1301 700 1426 750 por-

126 786 242 822 tum
267 772 668 842 appellentibuS,
698 770 909 821 fortiore
959 772 1284 840 postmodum
1309 793 1425 824 ma-

123 883 196 916 nu
249 863 298 914 se
350 863 513 914 hostes
559 863 890 933 aggressuros.
934 862 1292 932 Qiamobrem
1333 869 1434 920 ite-

123 977 240 1010 rum
266 968 416 1027 atque
443 958 630 1009 iterum
657 974 837 1007 omnes
864 972 1034 1008 oratos
1057 960 1185 1009 velle
1214 998 1228 1019 ‚
1265 974 1315 1011 vt
1344 963 1428 1014 su-

122 1051 169 1102 is
196 1051 410 1101 monitis
459 1052 869 1118 obtemperarent
897 1089 909 1110 ,
939 1051 1123 1118 quibus
1149 1050 1281 1101 nihil
1333 1050 1430 1103 nist

123 1143 263 1210 quod
286 1142 485 1192 metum
527 1141 858 1211 sanctumque
890 1180 902 1201 ,
932 1158 988 1191 ac
1016 1142 1261 1192 omnibus
1291 1141 1429 1192 salu-

122 1246 230 1283 tare
257 1233 373 1282 effet
403 1270 417 1291 ,
467 1232 879 1299 praecipiebatur.
922 1230 1039 1282 Hac
1067 1232 1321 1283 concione
1349 1247 1433 1284 vt·-

123 1341 331 1392 cunque
385 1324 635 1391 permotis
676 1323 969 1391 pacatisque
1027 1324 1282 1373 militibus
1315 1361 1328 1381 ,
1377 1335 1431 1374 vt

122 1433 247 1466 cum
295 1414 491 1466 Aluaro
520 1413 717 1466 Castrio
745 1453 758 1474 ‚
815 1417 865 1466 δε
911 1414 1182 1465 Francisco
1241 1413 1430 1465 Mene-

127 1507 197 1557 [ιο
229 1545 244 1565 ,
290 1509 352 1556 de
378 1507 587 1576 negotio
612 1506 868 1557 conferret
897 1544 911 1565 ,
955 1504 1006 1555 se
1055 1506 1117 1556 ad
1163 1505 1274 1556 suas
1299 1505 1431 1556 aedes

124 1596 366 1646 contulit.
416 1595 491 1646 Ea
545 1595 844 1646 deliberatio
895 1613 1057 1663 quum
1108 1595 1240 1645 inter
1291 1593 1429 1663 ipsos

124 1686 404 1736 versaretur
429 1724 444 1746 ,
474 1685 604 1735 forte
632 1684 794 1736 hostes
823 1685 876 1735 in
903 1683 1188 1734 basiliscum
1221 1721 1235 1743 ,
1265 1702 1426 1753 quem

126 1776 424 1845 suspensum
473 1777 525 1827 in
577 1777 841 1844 parietinis
893 1777 1131 1828 relictum
1163 1778 1307 1829 fuiffe
1334 1780 1430 1829 de-

124 1864 521 1916 monstrauimus
552 1898 565 1923 -,
594 1867 914 1914 ancorarium
945 1865 1122 1915 funem
1149 1867 1429 1927 iniiciunt,

124 1969 178 2008 vt
206 1957 259 2006 in
281 1955 496 2006 sublime
522 1955 848 2005 attraherent.
881 1953 1030 2005 Tum
1059 1974 1177 2006 vero
1209 1956 1399 2008 milites
1419 1996 1435 2018 ,

123 2065 288 2116 quum
341 2046 392 2096 id
418 2046 881 2098 animaduertiffent
909 2083 924 2105 ,
974 2066 1062 2116 per
1113 2048 1436 2100 occasionem

122 2154 345 2210 acceptae
374 2140 424 2190 in
453 2141 617 2190 oculis
644 2139 844 2190 iniuriae
871 2177 885 2198 ,
945 2142 1004 2191 ad
1036 2139 1432 2211 Mascaregnam

120 2246 439 2286 concurrunt
469 2254 480 2283 :
530 2233 796 2301 indignam
826 2253 935 2284 rem
977 2272 990 2293 ,
1013 2234 1077 2284 sic
1107 2233 1153 2284 se
1181 2237 1241 2285 ab
1276 2235 1433 2294 hosti-

128 2324 224 2375 bus
250 2322 476 2372 ludibrio
505 2322 677 2372 haberi
702 2360 717 2380 ,
747 2340 907 2391 quum
936 2340 1108 2372 coram
1132 2359 1144 2379 ‚
1175 2322 1228 2371 in
1256 2322 1433 2374 omni-

122 2427 321 2479 umque
370 2410 534 2462 oculis
564 2449 579 2470 ,
616 2409 741 2460 talia
789 2412 1029 2462 auderent
1058 2422 1272 2460 tentare.
1320 2409 1431 2461 Ita-

120 2526 229 2578 que
254 2505 517 2558 aestuantes
547 2542 560 2563 ,
602 2504 793 2554 diffono
837 2504 1062 2554 clamore
1098 2502 1230 2551 aedes
1281 2519 1431 2551 com-

120 2598 271 2679 plent
315 2635 336 2660 ,
387 2594 790 2670 potestatemque
870 2592 1026 2646 castra
1100 2590 1433 2661 aggrediendi.

675 2685 754 2750 Bb.
1255 2692 1404 2746 omui
