1931 3239
188 255 365 297 umas
388 246 632 293 nunno
653 240 929 299 MORESQ
952 248 1250 289 Ammon
1302 255 1405 310 179

156 398 195 425 „
223 378 306 416 aut
332 359 508 414 vestras
535 357 665 409 filias
707 357 1045 408 matrimonio
1076 357 1288 424 iungere
1313 373 1409 404 no-

150 495 189 519 „
222 457 326 509 stris
352 454 493 512 filiis,
517 465 603 502 aut
629 450 821 502 nostros
848 451 982 501 filios
1009 451 1124 500 dare
1151 446 1323 498 vestris
1351 446 1412 496 fi-

150 579 188 608 „
215 545 378 597 liabus
412 579 427 602 ‚
457 543 507 593 id
532 543 582 593 &
606 542 754 593 nobis
805 541 859 592 in
887 542 1068 611 primis
1118 552 1412 609 pergratum

148 666 195 690 ‚,
217 635 312 685 erit
336 672 350 694 ‚
385 636 434 686 &
460 633 680 702 Vtrisque
707 633 829 683 vtile
859 672 872 694 ‚
903 633 1111 685 fraterni
1140 633 1271 682 inter
1321 646 1414 679 nos

151 759 189 782 ‚‚
219 724 428 778 initium
455 726 662 778 foederis
683 762 696 784 ,
723 727 858 795 quod
888 726 1093 795 quidem
1121 725 1418 794 nuptiarum

151 852 188 878 „
215 819 533 869 connubium
559 856 572 877 ,
613 836 733 868 cum
763 819 814 868 in
840 818 1224 886 praesentiarum
1250 855 1263 875 ,
1299 831 1409 867 tum

155 947 194 972 ‚‚
221 913 376 963 etiam
405 912 456 963 in
487 912 723 962 futurum
746 949 760 970 ,
789 925 959 962 tecum
1006 912 1135 962 inire
1180 912 1418 982 percupi-

154 1040 194 1065 „
223 1023 359 1056 mus.
391 1005 674 1073 Reliquum
701 1003 768 1054 est
800 1017 854 1055 vt
889 1007 938 1056 &
964 1003 1092 1055 salus
1124 1044 1136 1064 ,
1182 1008 1231 1057 δε
1256 1007 1419 1075 gratIa

150 1138 187 1161 „
219 1099 373 1150 nostri
398 1097 761 1166 Redemptoris
791 1097 905 1147 Iesu
937 1096 1126 1148 Christi
1157 1137 1170 1158 ,
1201 1098 1411 1150 san&ae-

149 1231 185 1255 ‚,
217 1211 314 1261 que
341 1191 517 1242 nostrae
546 1190 791 1242 Dominae
839 1188 1024 1239 Mariae
1055 1190 1287 1260 Virginis
1311 1229 1325 1249 ‚
1368 1190 1417 1240 se

147 1322 185 1345 ‚,
214 1286 451 1336 extendat
477 1297 587 1334 tum
617 1283 760 1352 super
784 1300 871 1332 vos
903 1320 915 1340 ,
968 1297 1080 1333 tum
1126 1284 1269 1354 super
1305 1281 1408 1331 fili-

145 1418 161 1440 ‚
179 1418 193 1439 ‚
213 1398 268 1430 os
290 1417 302 1437 ,
331 1378 481 1436 filias,
508 1376 895 1446 Vniuersamque
923 1378 1134 1430 vestram
1162 1380 1376 1434 domum
1395 1424 1408 1445 ,

148 1511 190 1534 ‚,
217 1471 411 1525 Amen.

322 1566 414 1617 An
481 1565 588 1615 haec
631 1578 803 1616 autem
841 1584 930 1616 vos
969 1566 1236 1618 certiorem
1285 1571 1412 1623 faci-

144 1691 181 1715 „
209 1669 323 1706 mus
353 1692 366 1713 ‚
403 1653 436 1704 fi
466 1654 597 1704 bella
619 1691 632 1712 ,
689 1655 1040 1724 exercitusque
1091 1659 1402 1729 coniungere

146 1782 182 1805 ‚,
211 1746 428 1796 velimus
461 1784 473 1803 ,
505 1744 621 1795 satis
651 1746 839 1796 virium
875 1748 1021 1798 nobis
1051 1747 1282 1800 futurum
1311 1752 1405 1803 effe

148 1877 185 1898 ‚,
213 1840 273 1890 ad
303 1840 513 1908 (diuino
542 1841 811 1891 accedente
837 1839 1069 1907 auxilio)
1100 1844 1408 1896 abolendum

145 1969 182 1993 „
210 1928 470 1983 vniuersos
515 1931 688 1981 nostrae
734 1933 916 1984 san&ae
971 1934 1087 1983 fidei
1140 1935 1403 1989 inimicos,

143 2062 183 2087 ‚,
211 2025 408 2076 Verum
439 2020 602 2072 nostra
629 2041 781 2091 regna
811 2061 823 2082 ,
870 2025 920 2074 &
941 2025 1160 2075 ditiones
1202 2026 1266 2077 s1e
1295 2027 1410 2080 sunt

143 2153 182 2177 „
211 2115 266 2166 in
292 2111 672 2164 mediterraneis
693 2111 780 2163 sita
804 2150 816 2171 ,
845 2126 898 2162 vt
923 2113 1170 2181 nusquam
1222 2117 1275 2167 in
1297 2137 1407 2169 ma-

139 2243 180 2268 „
207 2207 282 2258 ria
308 2205 545 2275 possimus
571 2218 853 2272 erumpere.
898 2202 1072 2272 Qare
1117 2207 1249 2258 nihil
1299 2228 1396 2261 no-

143 2336 179 2360 „
210 2299 289 2350 bis
332 2298 399 2349 est
426 2297 666 2367 potentiae
707 2298 759 2348 in
787 2300 912 2350 mari
941 2338 955 2359 ‚
1008 2302 1062 2352 iu
1091 2322 1194 2372 quo
1240 2306 1402 2375 (Deo

136 2429 176 2455 „
202 2392 311 2442 laus
332 2392 367 2456 J
415 2409 505 2442 vos
532 2390 767 2442 omnium
791 2392 902 2443 estis
927 2397 1276 2461 potentiffimi.
1306 2399 1392 2451 Ie-

139 2524 182 2548 „
210 2485 289 2536 sus
318 2482 548 2534 Christus
600 2483 655 2534 s1t
681 2487 826 2537 vobis
870 2488 1066 2540 auxilio
1091 2511 1102 2540 :
1153 2511 1231 2543 res
1257 2494 1401 2545 enim

135 2616 178 2641 „
207 2593 319 2644 quae
344 2575 399 2626 in
430 2574 578 2629 India
603 2594 693 2646 per
717 2595 807 2628 vos
833 2578 977 2646 gestae
1005 2580 1118 2630 sunt
1138 2583 1403 2651 ‚profecsto

139 2701 178 2730 ‚,
207 2668 372 2742 magis
398 2669 713 2726 miraculosae
731 2708 744 2733 ,
768 2688 926 2739 quam
952 2672 1211 2729 humanae.
1241 2673 1404 2742 ond

1332 2768 1368 2819 sa
