1931 3239
199 237 369 274 unns
398 231 646 270 nmmo
677 229 946 277 MORESQ
977 231 1271 271 ΑῑτΗῐοΡ.
1315 221 1415 290 285

133 338 418 409 margaritis
444 373 457 393 ,
495 336 543 385 ἃ
574 333 731 383 serico
773 347 1041 392 ornantur,
1068 334 1176 384 lino
1203 337 1422 405 bomby-

138 436 356 497 cinoque
402 425 678 476 vestiuntur
700 465 713 485 ‚
767 425 992 475 lanificio
1049 427 1190 476 enim
1220 430 1423 495 penitus

131 533 325 574 ‚carent
348 556 361 576 ‚
433 535 721 586 quanquam
784 519 1108 570 omnifariam
1155 523 1424 589 pecoribus

129 614 366 664 affluant:
409 610 771 677 agriculturam
800 625 1041 661 exercent
1076 649 1087 669 ,
1117 613 1165 662 &
1193 631 1300 663 rem
1332 629 1422 680 pe·-

132 707 358 759 cuariam
390 741 402 761 ‚
428 704 550 753 bina
575 703 737 752 meffis
766 740 781 761 ‚
838 704 1059 772 binaque
1100 706 1205 756 illis
1248 705 1387 757 aestas
1407 742 1423 764 ,

131 795 270 859 milii
297 831 309 852 ,
339 790 616 858 hordeique
641 789 877 856 frequens
902 790 1042 840 usus.
1077 791 1309 858 Qidam
1346 791 1422 841 se-

135 883 335 942 samum
367 918 380 939 ,
438 880 522 930 alii
549 880 714 929 lotum
736 878 923 939 serunt,
943 879 1010 929 sal
1035 879 1190 932 fossile
1217 882 1423 940 habent,

137 978 264 1029 ficut
311 977 507 1030 Arabes
528 1013 541 1032 ,
596 976 794 1025 hebeno
839 975 1035 1026 Persico
1080 978 1343 1028 abundant
1371 977 1422 1028 &

133 1066 425 1136 siliquastro,
493 1065 741 1115 Aromata
765 1065 952 1133 piperis
984 1103 996 1123 ‚
1044 1066 1372 1116 cinnamomi
1406 1101 1421 1123 ,

131 1164 182 1214 &
205 1162 483 1232 gingiberis
507 1161 704 1230 legunt,
731 1174 976 1209 venantur
1010 1161 1209 1220 leones,
1236 1161 1419 1229 parda-

135 1250 209 1302 les
239 1291 252 1312 ,
281 1253 621 1303 rhinocerotes
644 1290 655 1309 ,
699 1253 747 1302 δε
774 1250 1090 1318 elephantos.
1139 1251 1235 1319 Ipsi
1263 1251 1308 1301 se
1335 1270 1427 1301 an-

136 1342 440 1410 tiquiffimos
485 1342 755 1392 hominum
798 1341 888 1390 esse
924 1342 1209 1409 gloriantur
1232 1380 1245 1399 ,
1274 1359 1428 1409 argu-

136 1447 314 1483 mento
341 1435 476 1501 quod
504 1434 773 1501 indigenae,
808 1430 1104 1500 semperque
1133 1431 1280 1481 liberi
1311 1430 1424 1480 fue-

135 1529 240 1585 rint
268 1568 281 1588 ,
322 1548 413 1579 nec
454 1548 539 1579 eos
571 1528 867 1579 Semiramis
895 1566 907 1586 ,
956 1527 1208 1577 Hercules
1234 1565 1248 1585 ,
1294 1527 1430 1577 Dio-

137 1617 438 1684 nysiussaut
467 1618 554 1686 ipsl
574 1617 730 1668 etiam
765 1618 992 1683 Romani
1019 1635 1309 1690 expugnare
1336 1635 1431 1666 vn-

139 1725 292 1775 quam
318 1710 603 1775 potuerint:
649 1707 928 1759 Cambvses
950 1725 1171 1776 quoque,
1198 1706 1311 1757 Rex
1337 1725 1434 1775 po-

138 1801 435 1851 tentiffimus
460 1839 473 1860 ‚
519 1804 579 1852 ab
621 1804 692 1853 eis
719 1802 887 1852 uic‘tus
910 1840 922 1860 ‚
984 1803 1316 1869 maximoque
1343 1819 1434 1851 ex-

139 1892 300 1943 ercitu
349 1906 528 1942 exutus
581 1893 664 1942 sit:
711 1894 834 1961 quin
877 1894 922 1942 &
960 1892 1233 1959 ,ffigyptios
1257 1892 1436 1942 AEthi-

142 1996 301 2048 opum
330 1979 541 2029 colonos
574 1981 826 2030 affirmant
857 2019 868 2038 ‚
898 1982 1297 2047 litterarumque
1327 2017 1340 2036 ,
1385 1981 1436 2031 «Sc

140 2070 410 2122 statuarum
435 2069 579 2121 usum
606 2110 619 2130 ,
657 2073 851 2122 cultum
881 2071 1087 2138 Regum
1109 2108 1120 2127 ,
1149 2089 1432 2138 curamque

145 2160 525 2228 sepulchre-rum
554 2199 566 2220 ‚
635 2164 683 2213 &
728 2162 940 2230 politica
968 2161 1141 2211 omnia
1168 2164 1228 2211 ab
1257 2161 1435 2212 AEthi-

143 2254 328 2320 opibus
377 2255 635 2324 accepisse.
695 2256 764 2306 At
794 2256 880 2305 illa
927 2255 1125 2314 verior,
1165 2273 1221 2305 ac
1264 2256 1437 2308 iustior

145 2343 296 2396 huius
324 2348 489 2415 gentis
530 2347 689 2416 gloria
713 2386 725 2407 ‚
762 2351 897 2416 quod
919 2351 1242 2401 christianam
1272 2352 1434 2419 pieta-

145 2453 288 2499 tem,
330 2442 430 2492 iam
478 2443 594 2492 inde
637 2445 703 2492 ab
751 2445 858 2494 eius
888 2446 1050 2496 initiis
1076 2484 1088 2504 ,
1141 2465 1227 2514 per
1258 2447 1435 2496 Eunu-

146 2533 299 2582 chum
330 2531 539 2599 Reginae
568 2527 823 2583 Candacis
853 2552 880 2582 a
907 2534 1151 2604 Philippo
1205 2534 1428 2603 Aposto-

143 2623 198 2674 lo
229 2621 553 2691 baptizatum
576 2621 885 2694 susceperit,
913 2624 1296 2695 susceptamque
1349 2637 1426 2674 tot

1330 2732 1436 2767 ram
