1965 3256
556 226 660 285 222
932 251 1216 287 DAMIANI
1257 253 1295 287 A
1328 252 1474 290 GoEs

520 392 558 414 ‚,
587 372 662 404 nae
691 353 954 422 religionis
971 356 1330 426 agnoscerent,
1358 376 1506 427 atque
1527 359 1691 412 obiter
1715 376 1807 432 pa-

519 492 556 512 „
587 454 774 505 tefa&0
802 456 1000 515 itinere,
1029 457 1114 507 alii
1143 457 1298 508 etiam
1326 461 1503 528 populi
1525 463 1806 531 reperiren-

518 584 554 605 ‚,
578 561 658 597 tur
686 586 698 608 ‚
739 549 825 616 qui
858 549 1032 599 Deum
1061 548 1325 602 Christum
1366 554 1594 605 colerent
1625 593 1636 614 ,
1677 555 1804 605 ficut

518 681 556 703 ,‚
587 645 833 713 opinione
859 647 1130 696 hominum
1159 666 1247 699 eos
1277 650 1494 700 inveniri
1521 651 1654 717 poffe
1675 651 1806 700 fere-

515 774 552 795 ‚‚
583 739 747 789 batur.
783 740 962 808 Itaque
992 741 1194 792 volente
1215 743 1333 793 Deo
1353 756 1459 793 tota
1479 742 1700 794 Guineae
1725 762 1805 794 re-

514 865 552 887 „
581 830 664 897 gio
692 830 910 880 feliciter
936 847 1198 900 peragrata
1224 833 1291 883 est
1312 873 1326 892 ‚
1376 835 1429 884 in
1459 853 1558 902 qua
1596 833 1710 884 Rex
1746 831 1808 880 de

514 957 552 978 „
584 920 1036 991 Pvffanicongocum
1058 924 1347 992 ingentibus
1364 926 1566 994 populis
1586 924 1675 992 ipfi
1692 922 1808 973 sub-

517 1051 556 1072 ‚,
586 1014 707 1063 ditis
732 1052 745 1072 ,
790 1015 878 1081 qui
925 1014 972 1063 se
993 1016 1055 1064 ad
1083 1016 1191 1064 eius
1217 1016 1575 1066 au&oritatem
1600 1034 1658 1066 ac
1685 1017 1810 1066 obe-

520 1146 555 1166 ‚,
581 1106 830 1155 dientiam
858 1107 1142 1156 contulerat
1169 1144 1181 1164 ,
1208 1106 1352 1157 sacro
1381 1107 1686 1177 baptismate
1702 1107 1810 1157 sus-

511 1235 550 1256 „
580 1211 730 1264 cepto
762 1234 775 1253 ,
795 1195 1094 1246 christianus
1113 1196 1325 1247 effeetus
1352 1197 1419 1248 est
1441 1236 1456 1257 ‚
1495 1200 1543 1248 &
1566 1198 1808 1265 complu-

511 1331 548 1364 „
581 1312 655 1343 res
683 1293 794 1343 211}ae
823 1307 998 1362 gentes
1023 1311 1087 1343 ex
1119 1294 1412 1362 regionibus
1451 1293 1614 1345 Indiae
1639 1333 1653 1353 ,
1683 1295 1808 1346 Per-

525 1424 563 1449 „
593 1385 727 1443 fidis,
750 1386 798 1435 &
822 1377 1048 1444 Arabiae,
1066 1385 1128 1434 ad
1153 1383 1498 1436 Christianam
1516 1386 1669 1436 fidem
1714 1406 1810 1437 no-

514 1514 554 1536 „
583 1476 793 1529 strorum
811 1477 998 1543 pietate
1025 1515 1037 1534 ‚
1077 1478 1126 1528 &
1161 1477 1433 1547 diligentia
1481 1477 1595 1528 sunt
1624 1468 1813 1547 perdu-

513 1610 550 1632 „
581 1575 674 1624 &ae
696 1612 708 1633 ‚
752 1576 801 1625 &
826 1574 1054 1643 quotidie
1079 1573 1190 1624 aliae
1219 1585 1370 1639 atque
1409 1570 1522 1620 aliae
1552 1569 1809 1621 nationeS,

513 1703 553 1725 ‚,
583 1686 695 1735 quae
724 1669 915 1717 tardius
943 1667 1210 1716 veritatem
1246 1662 1564 1732 agnoueruht
1583 1698 1597 1718 ,
1632 1674 1812 1709 exem-

514 1794 551 1815 „
577 1758 660 1826 plo
682 1758 898 1807 aliarum
923 1757 982 1806 ad
1014 1754 1279 1806 Christum
1308 1764 1676 1803 conuertuntur
1709 1766 1720 1795 :
1761 1749 1813 1798 &

514 1884 551 1907 „
582 1866 874 1916 quanquam
921 1849 974 1897 in
1018 1846 1097 1895 his
1143 1844 1561 1914 expeditionibus
1585 1839 1813 1911 grauiffi-

518 1980 556 2001 „
586 1959 670 1990 nia
695 1939 980 1989 amiffamm
1000 1936 1210 1986 navium
1239 1937 1286 1986 ἃ
1317 1935 1509 1989 ducum
1527 1970 1542 1993 ,
1564 1933 1687 1988 item
1714 1950 1814 1982 no-

516 2073 555 2094 „
585 2035 770 2084 bilium
796 2032 1051 2101 equitum,
1079 2032 1127 2081 &
1149 2028 1470 2080 subditorum
1494 2027 1700 2079 suorum
1723 2029 1812 2077 de-

518 2167 554 2188 „
580 2142 613 2177 ti
631 2129 821 2178 imenta
866 2127 1120 2197 recepiffet
1159 2147 1172 2191 3
1199 2143 1372 2180 tamen
1392 2129 1453 2177 ab
1482 2127 1579 2178 hoc
1605 2125 1814 2179 eximiae

510 2255 553 2276 „
578 2217 780 2282 pletatiss
809 2216 1020 2266 consilio
1060 2236 1161 2267 non
1199 2219 1389 2270 destitit
1412 2255 1427 2277 ‚
1477 2216 1551 2266 vti
1593 2215 1737 2284 pium
1761 2215 1813 2264 &

510 2344 547 2366 ,‚
571 2307 901 2355 christianum
932 2308 1128 2376 Regem
1147 2308 1378 2359 decebat.
1411 2305 1596 2374 Itaque
1619 2305 1807 2354 eodem

519 2441 557 2465 „
589 2401 733 2452 cursu
760 2420 897 2451 mare
929 2401 1189 2460 Rubrum,
1229 2414 1524 2470 penetrante
1551 2399 1694 2449 claffe
1721 2417 1817 2448 no-

515 2536 551 2556 „
582 2498 672 2546 stra
700 2535 711 2554 ,
744 2511 999 2562 repertum
1029 2495 1094 2543 est
1115 2533 1127 2552 ,
1198 2514 1463 2565 nunquam
1487 2508 1632 2545 antea
1659 2493 1816 2544 Chri-

522 2630 559 2653 „
585 2590 860 2639 stianmum
883 2585 1112 2633 clastibus
1144 2588 1457 2654 navigatum:
1477 2604 1592 2636 nam
1612 2583 1715 2633 fere
1732 2595 1814 2630 to-

516 2719 553 2742 „
582 2696 695 2733 tum
742 2681 794 2730 in
836 2675 1076 2746 potestate
1100 2675 1402 2728 Tuscarum
1453 2687 1580 2726 erat.
1627 2670 1694 2722 Et
1721 2670 1810 2718 de-

1583 2779 1621 2803 ,‚
1650 2758 1795 2794 inum
