1931 3239
149 261 318 303 FIDES
341 258 591 298 RELIGIO
623 255 891 304 MORESQ
919 254 1223 295 AETH10P.
1286 259 1386 316 247

110 369 308 422 festauit
354 363 403 415 se
448 361 587 413 Mofi
640 363 694 413 in
745 372 919 411 monte
967 359 1105 411 Sinai
1152 362 1204 411 in
1234 361 1396 430 specie

118 462 339 513 flammae
366 455 528 524 igneae
559 492 573 513 ,
624 452 836 503 ostendit
886 450 933 500 se
962 451 1147 503 §aneio
1189 451 1401 510 Danieli

109 526 377 618 Prophetae
420 546 475 596 in
525 541 858 597 similitudine
903 558 1078 614 petrae.
1127 544 1401 596 Ezechieli

107 643 314 712 quoque
351 639 460 691 filio
485 638 715 689 hominis
742 636 973 706 apparuit
1010 675 1024 696 ,
1068 637 1118 687 δε
1172 636 1318 688 Isaiae
1346 639 1402 691 in

114 735 282 788 forma
317 729 554 782 infantis,
599 728 954 780 Manifestauit
994 730 1149 779 etiam
1197 729 1245 780 se
1295 730 1402 783 Re-

109 826 166 894 gi
195 822 389 875 Dauidi
419 860 433 881 ,
461 823 511 874 &
536 820 774 873 Gedeoni
802 820 857 870 in
884 837 994 870 rore
1043 819 1188 890 super
1215 822 1397 875 vellus,

110 914 301 967 Praeter
325 911 414 961 has
446 909 711 961 recenfitas
738 908 928 959 formas
957 946 971 968 ‚
999 909 1054 960 in
1082 909 1259 960 multis
1307 911 1404 961 ali-

114 1002 159 1054 is
211 1005 346 1056 visus
390 1005 457 1056 est
508 1025 537 1056 a
589 1004 785 1054 &meris
835 1003 1123 1072 Prophetis.
1170 1002 1406 1056 Tametsi

115 1107 224 1146 tam
249 1097 405 1147 variis
434 1097 615 1147 formis
643 1095 795 1146 fuerit
821 1096 953 1146 visus
985 1134 998 1154 ,
1044 1096 1239 1165 semper
1267 1096 1405 1147 simi-

115 1188 387 1240 litudincm
414 1188 576 1241 Patris
603 1191 651 1241 δε
679 1189 894 1258 Spiritus
923 1188 1092 1239 &mcii
1133 1190 1407 1258 repraesen-

118 1279 265 1331 tauit.
309 1280 376 1331 Et
403 1297 523 1329 cum
553 1280 695 1331 Deus
722 1281 877 1330 etiam
901 1280 1100 1330 creasset
1125 1282 1372 1332 mundum
1395 1320 1409 1341 ,

120 1368 253 1420 dixit
300 1389 311 1420 z
366 1371 621 1422 Faciamus
658 1371 880 1421 hominem
933 1374 999 1420 ad
1048 1373 1298 1440 imaginem
1353 1377 1411 1425 Εἴ

101 1463 474 1534 stmilitudinem
540 1467 741 1535 nostram
770 1485 781 1514 :
854 1466 903 1516 &
954 1464 1076 1516 fecit
1127 1468 1294 1520 Adam
1347 1469 1409 1519 ad

121 1555 265 1608 suam
293 1558 571 1627 imaginem
618 1558 1094 1611 &fimilitudinem
1140 1561 1413 1629 Propterea

73 1640 76 1641 ⁷
121 1664 216 1698 nos
244 1647 470 1697 dicimus
509 1647 713 1698 Patrem
755 1683 768 1704 ,
819 1646 1013 1697 Filium
1064 1650 1112 1699 &
1165 1648 1415 1718 Spiiitum

125 1738 371 1790 San&um
400 1740 492 1790 effe
518 1752 619 1790 tres
645 1740 814 1790 vultus
842 1777 855 1799 ,
903 1741 956 1791 in
1002 1761 1096 1793 vna
1123 1742 1416 1794 similitudi-

128 1851 193 1883 ne
219 1833 268 1883 &
295 1832 585 1883 diuinitate.
630 1832 898 1884 Habemus
925 1853 1126 1903 quoque
1158 1856 1185 1886 a
1211 1851 1416 1906 tempo-

127 1922 267 1973 ribus
295 1920 504 1990 Reginae
534 1921 674 1974 Sabae
702 1925 1142 1977 circumcifionem
1173 1946 1327 1996 quam
1354 1932 1418 1981 ad

129 2013 266 2064 hunc
293 2012 444 2082 vsque
466 2014 602 2065 diem
632 2014 907 2066 seruamus.
951 2017 1071 2068 Erat
1097 2033 1267 2072 autern
1297 2023 1417 2076 huic

130 2103 344 2174 Reginae
374 2104 502 2157 Saba
551 2124 740 2158 nomen
790 2108 1054 2178 proprium
1108 2111 1370 2181 Nsaqueda
1402 2154 1416 2176 ,

138 2217 250 2267 quae
281 2217 424 2250 more
460 2201 714 2252 maiorum
742 2203 938 2254 colebat
966 2204 1121 2257 idola.
1166 2206 1247 2257 Ad
1275 2212 1419 2262 cuius

135 2311 281 2344 aures
310 2292 450 2344 fama
476 2294 732 2364 sapientiae
761 2296 1047 2349 Salomonis
1088 2318 1208 2352 cum
1240 2323 1420 2373 perue-

136 2384 308 2444 niffet,
329 2387 584 2455 quendam
606 2388 768 2439 virum
794 2388 1094 2455 prudentem
1117 2387 1420 2462 Hierosoly-

137 2497 280 2530 mam
322 2479 458 2530 misit
489 2518 502 2540 ,
548 2494 602 2531 vt
639 2500 691 2532 re
740 2483 883 2532 omni
926 2483 1190 2552 explorata
1240 2488 1427 2538 certior

139 2575 201 2625 de
228 2572 384 2645 Regis
411 2577 677 2643 prudentia
702 2581 1012 2634 redderetur.
1062 2582 1186 2651 Qio
1228 2579 1425 2633 reuerso

138 2667 188 2720 δε
213 2685 266 2720 re
289 2669 556 2739 explanata
591 2708 607 2732 ‚
652 2671 821 2726 subito
849 2675 897 2728 se
946 2678 1008 2728 ad
1037 2678 1131 2728 iter
1182 2672 1425 2727 Hierusa-

712 2766 745 2818 S
1293 2771 1396 2822 lem
