1998 3272
550 301 837 339 DAMIANI
886 300 926 334 A
972 299 1122 334 GOES
1426 303 1461 356 5

218 423 386 467 ventes
414 408 468 458 in
497 405 727 458 Australe
764 418 1009 455 venerunt
1039 443 1053 464 ‚
1081 406 1130 454 δε
1180 403 1398 471 denique
1442 407 1495 457 in

220 504 519 571 Aegyptum
549 520 637 570 per
662 501 850 550 fretum
874 499 1190 550 Herculeum
1220 499 1328 569 post
1352 499 1497 548 bien·

212 594 359 646 nium
406 607 697 644 remearunt
729 613 740 643 :
770 594 819 644 &
861 593 915 643 in
959 592 1095 642 hunc
1138 592 1354 642 modum
1411 592 1490 642 di-

215 701 341 738 cunt
393 687 567 741 Graeci
607 686 801 738 Afrieae
845 687 966 738 litus
1001 688 1170 756 primo
1224 686 1276 736 in
1329 699 1498 734 totum

217 778 486 846 cognitum
509 777 671 828 fuiffe.
702 775 934 827 Secundo
962 795 1080 828 vero
1111 815 1125 836 ,
1150 775 1342 825 Xerxis
1367 788 1499 824 tem·

210 871 424 941 poribus
441 910 457 934 ,
482 872 673 923 Africae
695 873 1107 941 promontorium
1132 871 1390 939 Sataspem
1417 870 1498 920 su-

215 967 404 1037 peraffe
458 967 661 1039 scriptis
706 968 1045 1025 eonfirmant,
1088 967 1175 1035 qui
1221 966 1501 1016 admodum

211 1060 562 1129 nauigationis
638 1060 790 1112 taedio
845 1058 1112 1110 confeehzs
1143 1097 1155 1118 ‚
1223 1059 1284 1108 ad
1347 1056 1497 1106 colu-

214 1171 363 1203 mnas
401 1152 644 1204 Herculis
669 1192 683 1213 ,
707 1154 837 1205 vnde
873 1153 923 1202 in
954 1151 1283 1203 Atlanticum
1311 1149 1486 1200 Ocea-

218 1264 345 1318 num
374 1246 629 1314 prodierat
677 1245 904 1295 reuersus
928 1283 942 1303 ,
978 1245 1033 1303 in
1061 1244 1360 1313 Aegyptum
1383 1260 1501 1292 cur-

227 1335 339 1386 sum
370 1336 554 1387 tenuit.
601 1335 844 1404 Denique
876 1333 1054 1384 Strabo
1106 1352 1169 1383 ex
1210 1333 1501 1384 Aristonico

219 1427 426 1478 testatur
474 1427 818 1486 Bffeneiaum,
870 1445 959 1494 per
1006 1425 1180 1478 Gades
1208 1427 1501 1477 circumdu-

221 1522 365 1572 &tum
397 1559 412 1580 ,
451 1523 548 1573 iter
591 1520 644 1572 in
678 1521 883 1572 Indiam
927 1521 1112 1571 feciffe.
1148 1519 1231 1570 De
1260 1539 1357 1587 qua
1386 1523 1501 1589 qui-

221 1611 340 1661 dem
364 1630 416 1662 re
435 1649 449 1671 ‚
480 1612 732 1680 prolixius
766 1630 870 1662 non
898 1630 1106 1681 agemus
1134 1648 1146 1670 ‚
1174 1629 1237 1660 ne
1266 1611 1502 1680 longius,

221 1721 377 1772 quam
423 1724 500 1756 res
547 1705 654 1773 ipsa
684 1704 930 1774 postulare
981 1704 1180 1754 videtur
1210 1742 1223 1763 ,
1249 1702 1504 1772 digredia-

220 1813 358 1847 mur.
405 1795 544 1848 Illud
594 1799 806 1868 quidem
845 1797 1152 1848 verissimum
1175 1797 1379 1847 videtur
1413 1835 1425 1855 ‚
1454 1796 1504 1846 &

222 1889 422 1938 ratione
461 1889 704 1940 credibile
738 1929 751 1949 ‚
800 1904 908 1941 tam
952 1888 1174 1946 vastam,
1221 1889 1268 1937 &
1300 1887 1505 1957 pericu-

224 1979 290 2029 lis
320 1978 540 2029 infinitis
569 1982 825 2032 obiefflam
853 1981 1260 2050 nauigationem,
1291 1980 1359 2028 ita
1391 1991 1504 2027 tum

222 2071 502 2123 hominum
528 2072 727 2122 animos
753 2072 985 2131 affeciffe,
1014 2085 1069 2122 ut
1100 2071 1256 2122 semel
1283 2072 1498 2121 inchoa-

226 2175 278 2214 ta
304 2201 319 2223 ,
369 2162 546 2232 vel(s1
592 2161 810 2232 attigit)
848 2162 1077 2214 absoluta
1120 2181 1276 2212 nemo
1319 2161 1504 2212 secun-

224 2254 293 2305 do
328 2271 437 2305 rem
465 2267 568 2305 tam
605 2255 818 2306 arduam
843 2292 857 2314 ‚
894 2254 973 2304 vel
1017 2253 1190 2323 potius
1244 2252 1501 2304 monstro-

226 2349 333 2402 sam
365 2390 380 2413 ,
426 2351 631 2421 aggredi
670 2352 894 2403 auderet.
938 2349 1047 2419 Qi
1092 2349 1208 2401 sane
1242 2363 1350 2400 tam
1402 2349 1502 2399 im-

227 2443 414 2496 mensae
458 2443 878 2513 peregrinationis
927 2442 1097 2495 cursus
1159 2440 1458 2492 nostratium
1489 2479 1504 2502 ,

226 2534 330 2587 fiue
374 2535 704 2604 indefatigata
731 2535 900 2587 indole
935 2533 1202 2603 instigante
1225 2570 1239 2591 ‚
1287 2531 1386 2582 flue
1415 2550 1506 2580 au-

226 2632 271 2683 ri
317 2630 453 2682 sacra
491 2631 625 2682 fame
661 2645 869 2701 vrgente
894 2669 908 2690 ,
945 2643 1052 2681 tam
1074 2629 1293 2697 denique
1343 2626 1502 2676 modo

227 2725 467 2798 frequens
511 2727 725 2781 habetur
744 2764 760 2789 ,
805 2725 877 2778 vti
903 2743 1009 2778 non
1061 2723 1273 2777 maioris
1301 2717 1497 2787 negotii

1323 2828 1460 2864 nunc
