1931 3239
176 235 346 274 rimas
371 227 620 269 Remoto
651 224 924 272 MORESQ
953 225 1259 266 AETHIOP.
1317 232 1421 289 229

131 341 379 410 dignitate
405 332 705 386 venerabilis
735 369 750 391 ,
798 331 847 381 &
883 334 986 384 fide
1017 368 1031 390 ,
1076 332 1339 391 doctrina,
1366 355 1422 387 ae

132 429 421 501 eloquentia
472 424 798 484 Chaldaicae,
844 427 895 477 &
946 424 1184 477 Arabicae
1228 427 1420 496 linguae

132 522 445 581 admirabilis
468 558 482 580 ,
517 522 568 572 &
594 521 645 571 in
675 520 873 572 summa
901 522 1073 572 idonei
1099 558 1114 580 ,
1163 522 1251 589 qui
1272 541 1300 572 a
1321 543 1415 593 po-

131 616 408 673 tentiffimo
447 613 764 681 AEthiopum
823 612 1145 683 Imperatore
1173 611 1234 661 ad
1263 614 1431 663 maxi-

128 730 245 767 mos
273 708 538 776 Principes
571 707 631 757 de
659 709 901 759 maximis
929 712 1076 761 rebus
1117 712 1424 761 mitteretur.

129 805 275 858 Huic
307 820 480 856 autem
505 822 694 856 nomen
721 804 818 854 fuit
852 806 983 877 Zaga
1015 809 1174 862 Zabo.
1203 810 1344 863 Cum
1360 827 1422 858 eo

133 899 241 971 post
267 901 449 950 initam
479 900 612 950 inter
645 918 737 950 nos
763 900 1101 966 firmiffimam
1141 943 1153 963 ,
1200 906 1250 956 &
1296 923 1433 955 con-

133 990 479 1044 stantiffimam
523 995 809 1046 amicitiam
843 1035 856 1056 ,
902 995 1082 1066 saepius
1143 999 1432 1050 sermonem

135 1087 320 1138 miscui
341 1125 354 1146 ,
376 1087 633 1156 variasque
670 1089 1037 1158 disputationes
1067 1091 1221 1142 habui
1250 1131 1262 1151 ‚
1294 1111 1428 1161 prae-

140 1175 313 1229 sertim
337 1180 397 1228 de
420 1180 650 1229 moribus
678 1216 692 1238 ‚
723 1181 772 1230 &
813 1179 1084 1248 Religione
1111 1181 1426 1250 FEthiopum

140 1273 570 1326 Christianorum.
608 1274 898 1346 Cupiebam
927 1276 1067 1326 enim
1109 1295 1190 1326 eas
1233 1295 1308 1326 res
1332 1295 1434 1328 non

138 1387 204 1419 ex
229 1368 392 1418 verbis
434 1368 876 1437 interpretantium
899 1369 1283 1438 peregrinorum
1307 1409 1319 1428 ,
1353 1371 1434 1420 sed

141 1460 204 1509 ab
234 1459 470 1527 indigena
490 1496 504 1517 ,
534 1476 705 1509 coram
735 1459 783 1509 &
811 1478 896 1509 ore
931 1474 1078 1508 tenus
1106 1460 1431 1528 cognoscere.

145 1550 288 1604 Inter
300 1564 478 1601 caetera
503 1550 766 1617 epistolam
793 1568 996 1619 quoque
1014 1569 1100 1620 per
1123 1550 1436 1604 {viatthaeum

135 1643 359 1712 legatum
397 1642 450 1692 ln
488 1642 808 1693 Lusitaniam
855 1645 1066 1694 mirsam
1113 1645 1159 1694 ei
1202 1643 1393 1694 ostendi
1420 1681 1433 1701 ,

145 1753 299 1802 quam
320 1754 415 1805 ego
440 1736 542 1786 iam
569 1738 766 1805 pridem
811 1756 932 1788 cum
978 1739 1207 1788 articul'ffi
1232 1777 1244 1797 ,
1303 1756 1434 1807 quos

148 1846 321 1879 coram
345 1830 485 1899 Rege
511 1830 851 1883 Emmanuele
889 1833 1189 1901 exposuerat
1212 1871 1223 1892 ‚
1265 1835 1316 1883 in
1338 1834 1440 1883 lin-

147 1921 534 1989 guam‘latinam
579 1924 661 1992 (vt
683 1924 878 1974 dictum
908 1923 1006 1989 est)
1048 1923 1394 1974 transtuleram
1422 1962 1436 1983 ,

151 2015 422 2082 multaque
470 2033 532 2064 ex
558 2016 696 2065 illius
723 2017 988 2067 admonitu
1023 2016 1258 2085 castigaui
1290 2055 1303 2075 ,
1353 2015 1439 2066 vbi

148 2106 503 2175 interpretatio
539 2126 643 2157 non
674 2108 824 2176 plene
856 2109 926 2159 rei
950 2109 1101 2159 fidem
1124 2145 1135 2165 ,
1171 2120 1255 2157 aut
1281 2107 1402 2156 indo
1420 2138 1438 2146 -

150 2196 254 2246 lem
283 2196 496 2246 affecuta
522 2210 625 2247 erat
644 2235 657 2256 ,
684 2198 819 2264 quod
841 2210 951 2248 tum
984 2197 1112 2248 mihi
1142 2210 1254 2246 tum
1287 2195 1441 2247 Ionio

151 2306 257 2338 non
278 2306 390 2339 raro
416 2287 644 2338 accidisse
670 2287 949 2339 affirmabat
972 2308 985 2350 ;
1013 2289 1263 2338 habebam
1292 2288 1437 2338 enim

151 2381 257 2432 iam
279 2400 482 2432 mecum
513 2382 663 2452 ipsius
706 2380 822 2432 Ioui
849 2381 1078 2451 epistolas
1099 2418 1113 2439 ,
1159 2398 1281 2449 quas
1304 2379 1440 2430 sum-

153 2492 239 2525 ma
267 2493 387 2526 cum
414 2475 678 2544 diiigentia
722 2473 1058 2524 contulimus.
1105 2471 1436 2522 Postmodum

152 2568 360 2639 vigente
411 2568 542 2619 inter
568 2585 660 2622 nos
688 2566 789 2616 iam
823 2583 938 2615 vera
962 2563 1149 2616 Christi
1195 2563 1439 2613 charitate

157 2662 210 2725 ἃ
238 2661 470 2714 amicitia
492 2700 505 2720 ‚
550 2656 696 2712 ausus
725 2657 835 2709 sum
862 2658 924 2709 ab
952 2675 1012 2708 eo
1039 2669 1207 2726 petere.
1229 2653 1435 2735 pinnam

1389 2731 1438 2773 ὀί
