1998 3256
446 322 520 357 XX
752 318 1034 356 DAMIANI
1077 317 1116 353 A
1160 316 1307 355 GOES

418 418 799 499 pollicebatur
830 422 1013 478 otium
1070 441 1264 478 meum
1298 418 1639 477 litterarium
1668 465 1685 490 ,

422 543 538 599 quo
569 541 636 580 eo
663 521 899 597 quidem
934 539 1195 597 tempore
1223 523 1378 577 laute
1400 565 1414 588 ,
1450 521 1510 577 &
1539 522 1684 578 citra

421 624 793 701 publicorum
840 622 1205 700 negotiorum
1250 639 1421 677 onera
1457 622 1681 680 vtebar.

421 726 532 783 Sed
590 745 723 781 eum
769 743 1000 781 mecum
1064 723 1485 801 perpenderem
1536 722 1693 780 mihi

424 825 483 882 id
520 825 694 881 modo
725 823 903 880 deeffe
928 869 942 892 ‚
975 825 1128 899 quod
1161 824 1387 882 summe
1413 823 1473 879 in
1500 823 1685 884 histo-

392 929 501 985 “ria
544 926 840 985 scribenda
898 927 1200 1003 requiritur
1225 972 1239 997 ‚
1292 928 1364 984 ab
1420 927 1699 1004 incoepto‘

422 1031 633 1088 destiti.
681 1031 834 1088 Nam
866 1032 917 1088 ei
944 1033 1044 1108 qui
1090 1031 1296 1088 iustam
1350 1032 1409 1088 δε
1462 1031 1693 1088 absolu..

424 1147 543 1188 tam
576 1133 871 1189 historiam
918 1130 1158 1189 scribere
1216 1131 1374 1201 vult,
1420 1131 1690 1208 inprimis

420 1233 669 1289 liberum
731 1233 787 1288 δε
846 1250 1092 1287 vacuum
1143 1245 1377 1305 tempus
1431 1231 1695 1290 tribuen-

422 1333 564 1390 dum
590 1329 664 1386 est
693 1358 706 1396 ;
744 1327 952 1386 deinde
980 1326 1159 1384 animi
1189 1329 1380 1407 quieS,
1411 1326 1468 1383 &
1495 1326 1693 1389 omni-

423 1459 523 1495 um
592 1453 895 1492 munerum
956 1435 1179 1491 vacatio
1221 1468 1243 1502 ,·
1310 1432 1692 1512 postmodum
1759 1435 1761 1437 ’

422 1537 709 1596 maiorum
762 1532 1099 1609 Principum
1135 1530 1327 1601 favor,
1359 1551 1475 1609 quo
1513 1532 1691 1590 indu-

422 1635 550 1694 ssria
586 1636 824 1695 &labor
864 1638 1181 1696 studio-rum
1227 1639 1487 1715 praemiis
1513 1639 1694 1697 adan-

422 1757 684 1813 gemitur.
713 1744 1043 1821 roirca(
1078 1743 1392 1821 praesertim
1415 1763 1551 1800 cum
1585 1763 1692 1800 ne-

423 1862 535 1919 que
565 1862 698 1898 eura
728 1862 911 1918 neque
940 1845 1173 1921 negotio
1197 1862 1386 1900 carere
1402 1840 1632 1918 Vpoffem
1666 1849 1684 1913 )

418 1944 736 2002 suceeffiuis
764 1936 988 2003 tantum
1006 1947 1232 2004 dierum
1257 1947 1409 2003 horis
1433 1946 1511 2014 id,
1535 1947 1694 2022 quod

423 2045 746 2102 continenti
789 2061 1118 2124 temporum
1152 2047 1389 2125 decursu
1438 2046 1692 2105 destina-

423 2164 546 2201 ram
575 2187 589 2209 ,
636 2144 953 2199 concedere
999 2147 1059 2201 ἃ
1089 2146 1336 2204 tribuere
1382 2143 1649 2222 propo'sui
1675 2191 1693 2216 ,

426 2241 487 2297 ἃ
545 2239 830 2295 curriculo
862 2287 867 2294 ,
899 2259 1159 2298 mearum
1217 2244 1691 2301 lucubrationum

422 2352 694 2401 currenS,
743 2335 1070 2415 Oiyfiponis
1126 2340 1298 2399 Vrbis
1349 2343 1692 2421 descriptio-

425 2453 562 2491 nem
595 2433 704 2489 hoc
751 2448 976 2495 tanturn
1025 2456 1290 2517 tempore
1331 2462 1690 2519 componere

427 2540 646 2601 institui
677 2585 692 2608 ,
741 2558 984 2614 eamque
1013 2555 1113 2597 tuo
1142 2541 1420 2599 duntaxat
1447 2544 1686 2600 nomine

427 2636 540 2696 illis
569 2640 809 2716 inquam
835 2637 969 2715 ipfis
993 2641 1262 2720 evulgare
1289 2641 1555 2709 decrevi,
1591 2637 1690 2715 qui

1482 2759 1514 2796 a
1536 2757 1649 2798 no-
