1915 3190
521 230 624 287 390
855 208 1382 260 onNNIS.111.2'

484 337 576 388 bili
615 349 826 385 numero
866 332 926 381 ab
951 327 1207 398 idolorum
1231 321 1473 376 vanitate,
1519 317 1578 368 ad
1608 311 1770 367 Chri-

486 430 695 481 stianam
723 425 962 494 pietatem
989 423 1037 472 &
1058 415 1310 470 conuersae
1349 413 1459 464 sunt
1483 448 1496 472 ,
1541 412 1589 462 &
1634 423 1767 479 quo-

485 524 609 574 tidie
644 529 1031 570 conuertuntur„

638 613 881 672 ITAQVE
915 607 999 658 ille
1027 601 1394 674 potentiffimus
1424 597 1534 648 Rex
1558 592 1726 644 Eadm·
1748 621 1765 646 ,

488 707 650 759 Indiae
675 702 918 754 vniuersae
963 714 1121 749 terror
1152 735 1163 752 .
1202 714 1229 744 a
1255 711 1356 760 qno
1401 685 1631 740 nonnulli
1688 699 1767 731 re-

480 821 639 875 gnum
686 797 800 849 Pori
828 834 840 854 ,
868 789 1083 843 maximi
1113 785 1370 854 quondam
1402 782 1557 850 Regis
1576 817 1589 838 ‚
1608 773 1768 827 teneri

475 899 767 951 affirmant:
809 889 1000 956 quique
1059 894 1133 931 tot
1181 896 1340 928 annos
1394 877 1569 926 frustra
1606 873 1766 923 minis

482 993 534 1043 in
567 988 758 1040 nostros
780 973 1081 1032 detonuiffet
1102 1011 1115 1031 ,
1159 970 1366 1020 tandem
1415 985 1504 1034 per
1532 966 1719 1033 legatos
1742 982 1773 1014 a

481 1085 815 1153 gubernatore
853 1069 1038 1126 nostro,
1070 1065 1214 1133 supra
1242 1069 1531 1111 memorato
1550 1095 1562 1116 ‚
1592 1074 1772 1124 pacem

481 1173 777 1246 snpp'iiciter
803 1165 1037 1237 postulat.
1083 1160 1295 1210 Summa
1328 1153 1597 1223 legationis
1631 1165 1768 1212 erat,

481 1272 611 1323 veile
673 1266 720 1317 se
757 1262 836 1313 his
880 1254 1266 1310 conditionibus
1319 1248 1473 1299 nobis
1515 1245 1769 1312 obsequi,

480 1384 594 1439 qnae
613 1358 828 1411 omnino
857 1364 1008 1423 gratae
1035 1347 1183 1398 nobis
1208 1343 1390 1393 futurae
1425 1351 1588 1390 erant.
1623 1334 1771 1386 Con--

480 1458 590 1512 sssio
618 1451 773 1520 igitur
795 1446 854 1495 de
879 1460 938 1493 ea
963 1459 1013 1491 re
1041 1438 1312 1506 diligenter
1337 1433 1515 1484 habito
1534 1469 1548 1488 ,
1575 1432 1770 1498 placuit

480 1544 666 1603 Nonio
730 1529 1054 1608 gubernatori
1100 1566 1114 1586 ‚
1164 1524 1457 1591 caeterisque
1511 1518 1770 1589 praefeetis

481 1633 663 1689 nostris
690 1669 700 1689 ‚
758 1625 975 1692 virisque
1020 1617 1282 1670 nobilibus
1318 1652 1330 1673 ,
1375 1612 1463 1680 qui
1517 1612 1567 1660 in
1618 1608 1769 1660 India

481 1726 607 1779 iuffu
637 1721 802 1774 nostro
828 1717 1053 1767 militant
1083 1749 1096 1769 ‚
1132 1724 1316 1777 pacem
1368 1721 1487 1754 cum
1537 1719 1653 1769 rege
1703 1700 1768 1751 iis

483 1811 866 1867 conditionibus
894 1805 1036 1856 fieri:
1075 1818 1186 1869 quae
1230 1809 1365 1847 certe
1399 1791 1546 1843 nobis
1575 1789 1770 1859 regnis..

483 1927 582 1978 que
610 1903 787 1955 nostris
836 1895 1193 1967 puieherrimae
1219 1891 1267 1940 &
1294 1883 1639 1937 honestiffimae
1676 1898 1770 1930 ex-

483 2004 716 2053 titerunt.
761 1993 932 2060 Atque
978 1989 1157 2038 harum
1208 1979 1455 2033 nonnulla
1504 1975 1556 2025 S.
1602 1972 1770 2024 vestrae

483 2093 563 2144 his
627 2085 809 2138 litteris
863 2077 1185 2131 declarandas
1232 2073 1325 2123 effe
1374 2066 1518 2118 duxi.
1564 2064 1772 2114 Placere

485 2181 617 2249 Regi
647 2175 915 2228 Cambaiae
944 2174 959 2241 (
983 2168 1235 2222 Cambaia
1262 2163 1444 2214 ciuitas
1471 2158 1537 2209 est
1560 2153 1773 2224 infignis

486 2269 764 2324 maritima,
784 2267 915 2315 vnde
932 2265 1046 2315 Rex
1067 2258 1423 2311 denominatur
1445 2291 1458 2312 ,
1486 2250 1631 2300 aiiter
1652 2245 1772 2297 Gu-
1805 2305 1810 2306 ⁷

487 2375 717 2418 zaratum
751 2357 864 2406 Rex
902 2353 1397 2419 vocat111·J&-arcem
1431 2347 1480 2397 &
1504 2342 1774 2393 ciuitatem

483 2451 698 2505 Bazaim
725 2487 736 2507 ,
758 2465 868 2516 quae
893 2448 1074 2495 ciuitas
1099 2446 1161 2494 ad
1183 2443 1455 2494 Orientem
1481 2435 1649 2488 versus
1668 2432 1772 2483 cir-

487 2547 614 2596 citer
654 2541 915 2610 oetoginta
964 2539 1194 2588 miliibus
1227 2536 1451 2607 passu-um
1486 2550 1516 2582 a
1545 2530 1654 2581 Dio
1677 2527 1771 2576 ab·

491 2639 557 2690 est
586 2675 599 2697 ‚
630 2638 682 2688 in
704 2637 782 2687 ius
817 2652 872 2686 ac
898 2632 1148 2684 ditionem
1198 2629 1417 2682 nostram
1463 2620 1724 2678 transferri
1753 2636 1769 2670 ε

1661 2714 1738 2768 se-
