1965 3256
538 218 638 256 200
894 222 1179 258 DAMIANI
1233 222 1272 259 A
1306 223 1455 260 GOES

537 363 574 386 ,‚
601 326 729 376 mihi
771 324 981 377 afferant
1031 327 1282 379 laetitiam.
1327 329 1425 380 Sed
1467 330 1563 380 hoc
1592 327 1818 381 toleran-

539 459 575 480 ‚,
604 422 725 471 dum
750 418 847 469 fuit
864 457 878 478 ,
926 421 1171 488 quoniam
1192 422 1508 490 superiorum
1532 440 1710 492 regum
1729 439 1828 471 no-

534 555 572 575 „
601 515 815 565 strorum
843 528 984 564 vetus
1012 514 1079 564 est
1117 516 1402 567 institutum
1423 555 1437 576 ,
1476 517 1525 567 &
1575 517 1608 566 s1
1639 517 1712 566 eis
1738 534 1833 566 ne-

534 645 572 667 „
603 623 856 674 quaquam
885 606 1078 656 bellurn
1122 608 1320 667 infero,
1360 609 1409 659 δε
1460 609 1665 676 penitus
1694 625 1827 675 pro-

536 732 572 754 „
597 695 718 765 fligo
744 734 758 755 ,
785 700 1177 766 temperandum
1208 699 1261 748 in
1289 700 1386 749 hoc
1417 698 1546 748 mihi
1575 697 1667 747 esse
1693 697 1831 746 arbi-

535 828 574 850 „
603 804 708 840 Ποῖ
733 827 746 848 ,
787 808 850 840 ne
896 791 971 840 iili
1017 805 1194 842 contra
1222 791 1456 842 sasseium
1487 790 1746 858 ternplum
1774 788 1830 838 in

535 919 550 941 ,
573 919 584 940 ,
605 879 932 932 Hierusalem
959 883 1150 932 violent
1177 921 1189 942 ‚
1218 885 1268 934 δε
1296 884 1498 934 diruant
1521 921 1533 942 ,
1562 883 1615 933 in
1632 899 1734 950 quo
1756 878 1831 928 se-

535 1006 572 1027 „
598 969 799 1038 pultum
824 969 891 1018 est
953 970 1091 1019 IESU
1123 969 1388 1020 CHRISTI
1418 1009 1432 1029 ,
1474 989 1630 1038 quam
1683 966 1829 1018 Deus

534 1100 573 1121 ,‚
603 1065 654 1112 in
683 1063 923 1132 potestate
950 1062 1343 1113 foedissimorum
1371 1061 1681 1112 Maurorum
1710 1061 1830 1110 reli-

533 1189 573 1211 ‚,
599 1154 742 1220 quit,
769 1154 818 1203 ἃ
845 1153 1031 1223 pariter
1057 1151 1163 1202 solo
1190 1167 1455 1220 aequarent
1482 1154 1582 1203 alia
1608 1152 1825 1221 templa,

533 1280 572 1301 „
603 1261 714 1310 quae
743 1241 854 1293 sunt
881 1242 932 1292 in
950 1241 1178 1313 AEgypto
1203 1281 1216 1302 ,
1239 1242 1288 1293 &
1317 1241 1481 1312 Syria;
1507 1244 1556 1294 &
1577 1242 1684 1292 haec
1706 1259 1830 1291 cau-

536 1370 574 1392 „
607 1332 654 1383 sa
684 1332 751 1383 est
774 1371 786 1392 ‚
819 1351 908 1383 cur
935 1351 1020 1383 eos
1051 1351 1151 1383 non
1182 1334 1415 1385 invadam
1434 1372 1450 1393 ,
1478 1335 1527 1384 &
1555 1333 1831 1391 debellem,

536 1464 573 1484 ‚‚
603 1426 748 1476 cuius
769 1426 839 1475 rei
869 1444 951 1475 me
981 1425 1273 1495 plurimum
1300 1426 1479 1476 taedet.
1535 1423 1708 1474 Etiam
1735 1423 1831 1473 hoe

537 1554 574 1576 ‚7
606 1514 735 1564 mihi
781 1514 983 1566 facilius
1030 1515 1305 1584 persuadeo
1355 1513 1449 1565 effe
1490 1511 1790 1562 faciendum
1816 1549 1828 1569 ,

540 1644 577 1665 ‚,
607 1624 767 1673 quum
821 1607 1085 1656 neminem
1127 1605 1479 1657 Christianum
1511 1604 1711 1673 Regem
1738 1605 1830 1655 ha-

536 1734 575 1754 „
602 1696 751 1744 beam
781 1694 1062 1743 finitimum
1097 1732 1109 1753 ‚
1166 1695 1251 1762 qui
1281 1711 1363 1744 sne
1382 1693 1582 1742 adiuvet
1603 1731 1615 1751 ‚
1667 1693 1715 1742 &
1742 1710 1831 1744 cor

532 1825 571 1846 „
602 1806 774 1838 meum
795 1787 1061 1836 exhilaret.
1094 1785 1226 1856 Ego,
1257 1787 1476 1846 miRex,
1506 1805 1828 1856 nequaquam

536 1916 572 1936 „
600 1880 760 1928 icet-ari
789 1878 982 1947 poffiim
1001 1880 1061 1929 de
1090 1877 1395 1930 Christianis
1424 1878 1690 1948 Europaeis
1719 1879 1829 1930 Re-

537 2015 572 2035 „
602 1976 750 2044 gibus
779 2014 790 2034 ,
842 1994 960 2025 cum
989 1994 1075 2025 eos
1103 1973 1304 2026 audiam
1333 1974 1385 2025 in
1412 1983 1514 2025 uno
1543 1974 1692 2025 corde
1719 1974 1826 2024 mi-

539 2105 572 2124 „
604 2067 742 2116 nime
771 2067 1060 2117 consentire
1081 2105 1094 2125 ,
1122 2067 1395 2137 vifgereque
1415 2067 1546 2117 inter
1565 2085 1650 2116 eos
1666 2067 1823 2117 bella.

543 2192 577 2212 ,‚
610 2154 778 2205 Estote
805 2156 950 2207 simul
979 2173 1160 2206 omnes
1189 2157 1239 2207 in
1269 2174 1369 2207 una
1395 2154 1668 2206 concordia
1696 2170 1821 2205 vna-

538 2285 574 2305 „
610 2250 797 2299 nimes.
934 2314 936 2317 Ι

648 2375 681 2396 ,,
715 2339 1066 2391 ΒΕΞΞΗΕΤΙε
1097 2341 1235 2393 enim
1268 2343 1399 2393 inter
1425 2358 1515 2391 vos
1557 2351 1695 2390 certo
1725 2336 1827 2388 foe-

539 2468 573 2490 ,,
603 2432 717 2479 dere
746 2430 837 2479 effe
864 2433 1116 2482 contenti.
1168 2430 1235 2484 Et
1290 2450 1425 2484 certe
1453 2432 1485 2482 sl
1514 2430 1644 2482 mihi
1673 2423 1829 2502 Chri-

539 2560 575 2581 ‚.
603 2522 784 2572 stiaims
813 2521 926 2571 Rex
958 2523 1145 2573 finibus
1174 2527 1287 2575 effet
1310 2524 1649 2594 conjunfhis,
1695 2535 1828 2572 nun-

540 2655 577 2677 ‚‚
608 2636 760 2687 quam
789 2635 887 2669 una
917 2616 1039 2668 hora
1066 2617 1265 2683 abipso
1292 2615 1602 2668 discederem
1623 2650 1639 2672 ,
1679 2611 1729 2661 &
1766 2606 1827 2655 de

1729 2697 1826 2748 hoe
