1931 3239
186 230 356 270 FIDEs
387 219 636 265 1³13me
667 216 942 264 MoREsQ
973 217 1268 263 AETHIOP,
1334 220 1436 275 253

143 337 362 388 stianum
389 327 586 379 factum
612 341 676 374 ex
702 334 865 373 matre
892 319 1113 371 Hebraea
1144 356 1156 376 ‚
1186 321 1234 369 ἐς
1263 338 1324 369 ex
1352 340 1441 387 pa-

144 441 219 477 tre
240 421 442 475 Gentili
470 432 647 469 natum
675 414 1000 467 circumcidit
1022 451 1034 472 ‚
1066 412 1226 461 sciens
1259 412 1436 462 Deum

144 514 583 568 circumcisionem
634 530 698 562 ex
725 511 823 562 fide
848 548 860 569 ,
915 510 964 560 &
989 509 1300 577 praeputium
1351 526 1441 577 per

140 609 293 659 fidem
322 607 608 659 iustificare.
653 605 718 657 Et
763 619 814 657 vt
860 601 1073 672 ipsemet
1119 602 1227 660 ait,
1270 599 1439 652 faetus

141 702 208 752 est
254 702 497 752 omnibus
553 699 731 751 omnia
760 737 773 759 ‚
805 711 856 748 vt
905 714 1084 746 omnes
1131 696 1319 746 faceret
1347 692 1443 742 sal-

143 809 237 842 uos
267 831 281 850 ,
313 791 501 842 Iudaeis
528 804 771 860 tanquam
802 789 1028 847 Iudaeus,
1059 800 1109 837 vt
1140 786 1343 837 Iudaeos
1363 783 1444 833 iu-

142 899 366 935 craretur
394 905 410 935 .·
436 885 501 936 iis
527 885 614 952 qui
645 884 738 934 sub
764 884 874 951 lege
901 895 1044 932 erant
1071 878 1205 948 quasi
1235 876 1322 926 sub
1369 875 1445 923 le·-

142 999 202 1049 ge
228 980 344 1032 effet
367 1019 381 1040 ‚
417 998 537 1031 cum
565 978 671 1047 ipse
698 997 801 1029 non
829 978 941 1028 effet
968 978 1055 1028 sub
1084 978 1190 1046 lege
1213 1014 1224 1033 ‚
1255 985 1305 1023 vt
1335 987 1447 1028 σος,

145 1075 231 1141 qui
261 1072 350 1123 sub
378 1074 487 1142 iege
513 1088 656 1122 erant
684 1110 697 1130 ,
727 1072 1067 1122 lucrifaceret.
1114 1069 1214 1120 His
1267 1067 1353 1135 qui
1383 1066 1446 1116 si-

145 1181 209 1214 ne
272 1165 382 1234 lege
433 1178 574 1214 erant
604 1202 618 1223 ‚
670 1177 914 1232 tanquam
965 1162 1065 1212 sine
1120 1162 1230 1229 lege
1281 1159 1397 1209 effet
1434 1195 1450 1217 ,

146 1278 267 1310 cum
314 1262 414 1311 fine
461 1262 573 1332 lege
620 1261 723 1312 Dei
776 1280 877 1311 non
908 1261 1024 1311 esset
1055 1297 1067 1319 ‚
1118 1258 1199 1308 sed
1229 1257 1282 1307 in
1331 1257 1446 1327 lege

149 1353 415 1408 CHR15T1
447 1396 460 1418 ,
501 1372 554 1409 vt
605 1359 928 1410 lucrifaceret
967 1377 1052 1408 eos
1085 1395 1097 1414 ,
1126 1354 1212 1424 qui
1243 1354 1343 1404 sine
1367 1354 1442 1404 le-

151 1469 213 1520 ge
245 1468 408 1504 erant.
453 1451 520 1503 Et
571 1453 737 1503 fafflus
779 1452 845 1502 est
895 1453 1128 1502 infirmus
1159 1486 1173 1507 ,
1225 1465 1278 1499 vt
1307 1448 1451 1500 infir-

155 1559 269 1590 mos
314 1542 680 1602 lucrifaceret,
721 1543 773 1592 id
819 1541 955 1610 quod
996 1540 1155 1599 fecit,
1186 1554 1237 1590 vt
1283 1540 1449 1590 osten-

151 1637 291 1686 deret
318 1655 421 1686 non
449 1653 515 1686 ex
545 1637 934 1688 circumcifione
961 1675 975 1696 ‚
1005 1636 1086 1686 sed
1129 1654 1192 1686 ex
1237 1636 1333 1686 fide
1357 1653 1449 1686 nos

151 1731 363 1789 salutem
418 1731 799 1785 consecuturos.
849 1732 998 1783 Vnde
1048 1750 1166 1783 cum
1197 1730 1450 1783 Haebraeis

153 1823 461 1891 praedicaffet
486 1861 500 1881 ,
527 1836 772 1892 tanquam
801 1824 1052 1875 Hebraeus
1079 1825 1230 1875 variis
1258 1823 1453 1872 sermo-

155 1898 305 1961 nibus
332 1913 532 1962 locutus
559 1914 626 1964 est
655 1953 669 1974 ‚
721 1917 894 1966 dicens
919 1937 929 1965 :
960 1915 1252 1985 AIztlfJfat-ie
1277 1952 1288 1972 ,
1326 1913 1453 1962 mul-

155 2001 307 2071 tisque
333 2003 478 2052 modis
507 2003 611 2053 olim
637 2003 772 2054 Deus
801 2006 979 2053 lficutus
1008 2006 1069 2073 est
1098 2003 1324 2073 patribus
1371 2022 1454 2051 m·-

139 2097 267 2167 stris
291 2097 340 2148 in
365 2098 619 2167 Prophetis
649 2119 661 2149 ε
691 2098 952 2149 ostendens
979 2098 1050 2152 eis
1077 2115 1142 2149 ex
1173 2099 1289 2167 ipsis
1327 2098 1455 2149 Pro-

157 2193 328 2263 ‘phetis
357 2192 699 2246 CHRISTVM
753 2212 817 2246 ex
869 2195 1059 2244 semine
1112 2193 1332 2244 Dauidis
1379 2193 1454 2243 se-

161 2287 388 2336 eundum
439 2304 646 2338 carnem
674 2323 690 2346 ‚
740 2285 919 2337 deinde
987 2285 1326 2336 Cnmsrvm
1382 2286 1457 2336 eis

159 2379 460 2446 praedicauit
491 2417 505 2438 ,
533 2397 653 2430 cum
680 2381 907 2450 patribus
936 2379 1110 2431 nostris
1138 2382 1191 2431 in
1218 2379 1452 2431 tentoriis

162 2472 215 2523 in
241 2475 437 2528 deserto
462 2477 602 2527 fuisse
633 2516 646 2537 ,
673 2477 853 2546 eosque
891 2476 943 2527 in
993 2491 1180 2528 terram
1232 2472 1453 2545 promis-

160 2563 313 2618 fionis
357 2568 685 2621 introduxisse
714 2609 728 2630 ,
755 2588 845 2638 per
871 2588 1082 2621 manum
1117 2568 1286 2620 Iosue.

229 2660 606 2720 PRAETEREA
650 2663 788 2716 idem
839 2682 1042 2735 quoque
1093 2663 1279 2717 Paulus
1329 2655 1458 2707 inibi

208 2756 212 2758 ’
1271 2747 1421 2800 testa-
