1965 3256
597 225 700 279 1'80
915 233 1198 278 DAM1AN1
1244 240 1284 275 A
1314 238 1464 276 coss

570 382 606 406 ,‚
635 344 670 395 fi
692 343 834 395 mille
882 345 1007 397 velis
1034 365 1230 399 armare
1250 365 1404 400 naues
1427 385 1442 407 ‚
1488 364 1582 399 nos
1625 345 1677 397 &
1699 355 1846 397 com-⁷

564 472 603 496 ‚,
628 449 855 486 meatum
875 438 1109 489 dabimus
1136 476 1149 498 ,
1177 439 1228 490 &
1249 438 1436 489 cuneta
1456 477 1470 499 ‚
1498 457 1610 507 quae
1637 437 1699 488 ad
1725 456 1842 489 eam

561 561 599 588 „
626 526 824 579 claffem
871 548 998 599 opus
1036 547 1183 581 erunt
1206 568 1220 590 ‚
1266 531 1464 581 abunde
1503 529 1846 600 suppeditabi-

562 655 600 678 ‚‚
633 636 770 671 muS.

566 747 703 873 H
739 811 866 862 ANc
898 806 1159 875 epistolam
1203 821 1323 856 cum
1368 807 1623 876 aliquibus
1667 806 1783 857 fidei
1831 839 1846 867 ,›

559 901 822 974 religionis
854 935 869 956 ‚
892 914 1095 946 morum
1116 934 1127 954 ‚
1151 896 1398 964 statusque
1420 897 1738 968 Aethiopum
1765 921 1846 953 ar·-

557 1000 728 1051 tjculig
754 1035 766 1055 ,
823 1006 956 1062 quos
1000 989 1282 1040 Matthaeus
1337 1008 1515 1041 coram
1541 991 1682 1062 Rege
1714 993 1843 1044 Em-

560 1086 796 1140 manuele
827 1121 840 1142 ,
880 1083 929 1131 &
957 1079 1064 1128 eius
1098 1079 1320 1128 concilio
1359 1080 1637 1147 explicauit
1667 1119 1681 1140 ,
1722 1084 1842 1132 hor-

556 1194 661 1231 tatu
731 1173 940 1226 Ioannis
1000 1169 1185 1238 Magni
1238 1167 1406 1221 Gothi
1449 1169 1842 1242 Archiepiscopi

559 1272 776 1342 Vpsaliae
797 1307 811 1330 ,
832 1270 884 1319 in
913 1283 1069 1335 regno
1093 1263 1276 1315 Suetiae
1298 1301 1311 1322 ,
1341 1283 1462 1317 cum
1489 1285 1593 1335 quo
1619 1268 1671 1318 in
1693 1267 1843 1319 Prus-

557 1368 625 1419 sia
672 1383 776 1415 non
823 1362 1080 1430 vulgarem
1130 1359 1361 1408 contraxi
1407 1358 1696 1410 amicitiam
1728 1397 1741 1419 ,
1778 1378 1839 1411 ex

557 1463 800 1514 idiomate
855 1455 1147 1506 Lufitanico
1180 1492 1192 1513 ,
1221 1453 1274 1504 in
1323 1473 1424 1522 quo
1451 1473 1566 1506 eam
1618 1454 1839 1506 conscri-

556 1569 698 1625 ptam
750 1551 1001 1602 habebam
1032 1586 1045 1607 ,
1089 1546 1303 1597 latinam
1355 1545 1492 1606 feci,
1536 1565 1648 1615 quae
1675 1547 1840 1615 postea

557 1664 677 1698 cum
729 1642 846 1712 ipsis
905 1658 1110 1708 quoque
1176 1639 1443 1698 articulis,
1486 1658 1570 1689 me
1638 1639 1837 1698 inscio,

556 1733 855 1801 Antuerpiae
886 1730 1069 1781 excusa
1105 1727 1191 1778 est.

663 1825 785 1877 Hts
841 1843 905 1875 ex
959 1823 1137 1893 legatis
1189 1819 1509 1888 Aethiopum
1570 1817 1836 1889 cognitis,

558 1918 870 1970 Emmanuel
900 1951 915 1977 ,-
962 1931 1014 1966 vt
1064 1927 1169 1965 erat
1210 1915 1258 1964 &
1299 1912 1707 1983 prudentiffimus
1735 1948 1750 1970 ,
1788 1911 1839 1961 δε

553 2011 895 2087 propagandae
955 2009 1072 2061 fidei
1119 2007 1421 2060 Christianae
1479 2008 1788 2060 auidissimus
1819 2039 1836 2066 ,ι

553 2106 865 2174 legationem
931 2102 1145 2153 instituit
1183 2101 1484 2170 grauiflimis
1534 2102 1582 2152 &
1623 2095 1838 2151 ornatis·

553 2199 693 2249 simis
743 2195 863 2247 viris
908 2195 1246 2247 instruetam:
1282 2193 1427 2244 cuius
1478 2192 1645 2260 capita
1695 2188 1840 2239 fuere

553 2290 820 2341 Eduardus
851 2286 1118 2338 Galuanus
1148 2320 1163 2348 ,·
1203 2286 1280 2337 vir
1306 2304 1407 2336 non
1437 2286 1608 2336 minus
1652 2296 1798 2334 aetate
1820 2319 1836 2342 ,

553 2399 710 2451 quam
735 2379 1005 2448 prudentia
1041 2418 1054 2439 ‚
1091 2398 1149 2430 ac
1177 2397 1348 2430 rerum
1376 2377 1467 2429 usu
1494 2375 1833 2448 grauiffimus,

554 2473 604 2524 &
656 2469 952 2523 Franciscus
991 2469 1207 2522 Aluares
1235 2510 1250 2531 ,
1291 2471 1549 2530 sacerdos,
1605 2488 1663 2521 ac
1701 2463 1835 2533 Regi

555 2586 586 2618 a
631 2564 779 2616 sacris
804 2602 817 2623 ‚
867 2564 916 2614 &
966 2562 1008 2612 is
1060 2581 1262 2630 quoque
1302 2563 1454 2614 senex
1481 2601 1497 2624 ‚
1522 2565 1572 2614 δε
1600 2559 1830 2612 moribus

557 2656 861 2729 inculpatiS,
913 2674 1038 2726 quos
1100 2653 1335 2724 virosque
1381 2655 1443 2708 de
1492 2653 1625 2709 facie
1679 2647 1830 2699 noui«

1659 2758 1793 2796 musa
