1965 3256
585 242 690 293 140
976 241 1259 278 DAMIANI
1301 241 1342 277 A
1393 237 1541 278 cons

543 349 621 400 vel
647 349 707 398 ab
733 345 876 415 aquis
907 346 1114 414 oppreffi
1145 383 1159 405 ,
1187 345 1264 394 vel
1289 363 1353 394 ex
1381 345 1556 396 nostris
1579 343 1801 395 turribus

542 442 904 492 arcubutorum
975 440 1160 490 iffibus
1235 440 1614 492 transuerberati
1643 478 1656 498 ‚
1737 439 1801 489 ad

541 545 698 579 vnum
742 528 891 596 Vsque
917 528 1206 595 interempti
1257 527 1389 579 sunt.
1432 529 1546 580 Hac
1573 531 1803 580 militnm

541 636 696 668 manu
741 618 965 685 diffipata
993 656 1006 677 ‚
1058 617 1140 666 cui
1182 632 1384 668 extante
1427 618 1754 668 dimicatione
1785 653 1802 674 ,

541 713 741 763 nullum
766 712 1037 762 subsidium
1060 713 1259 762 miffum
1288 711 1354 762 est
1377 750 1390 771 ‚
1421 712 1584 762 subito
1611 712 1708 761 alia
1735 726 1802 761 ex

542 803 712 853 castris
731 841 744 861 ,
796 803 949 869 paulo
978 802 1285 852 imbecillior
1307 820 1516 852 numero
1543 803 1765 852 mittitur
1788 839 1803 859 ,

542 900 726 950 virtute
760 909 932 945 tamen
972 896 1434 963 exercitationeque
1483 895 1633 962 longe
1677 913 1805 962 prae-

542 987 781 1049 stantior,
821 1009 930 1058 quae
974 989 1165 1038 strenue
1214 990 1411 1039 nostros
1457 988 1673 1057 aggreffa
1715 988 1804 1039 est.

544 1079 752 1132 Milites
780 1084 933 1132 etiam
961 1097 1012 1132 vt
1033 1080 1119 1131 alii
1143 1117 1157 1138 ,
1184 1081 1369 1129 vexilla
1386 1078 1700 1128 diuersorum
1719 1097 1808 1128 co-

540 1171 710 1242 lorum
739 1173 982 1223 ferebant.
1031 1171 1157 1221 Dux
1184 1171 1446 1221 Antonius
1475 1171 1701 1240 Sylueira
1728 1173 1807 1223 vi-

541 1262 667 1312 dens
723 1264 940 1313 hOstiUm
985 1263 1226 1312 virtutem
1257 1299 1270 1321 ‚
1309 1247 1363 1312 ⁴&
1408 1263 1538 1312 latus
1584 1264 1636 1313 in
1675 1264 1811 1330 quod

540 1360 799 1425 impetum
826 1348 1048 1405 fecerent
1079 1355 1353 1404 admodum
1377 1354 1639 1406 infirmum
1668 1393 1682 1413 ,
1706 1356 1809 1406 illi-

542 1468 603 1500 co
632 1448 815 1499 Paium
842 1447 1159 1498 Rodericum
1208 1449 1270 1497 ab
1300 1447 1492 1500 Arauio
1523 1449 1604 1499 cui
1636 1448 1811 1499 secun-

543 1540 634 1588 dus
661 1538 802 1586 locus
830 1554 858 1585 a
883 1535 1129 1603 dignitate
1156 1536 1389 1604 praetoria
1409 1538 1460 1586 in
1481 1554 1593 1586 arce
1619 1536 1811 1586 tribue-

543 1633 692 1681 batur
726 1666 739 1688 ,
765 1629 902 1678 iubet
929 1646 991 1676 ex
1018 1626 1227 1678 fortiore
1258 1630 1381 1679 turri
1406 1666 1420 1686 ,
1451 1630 1533 1678 cui
1555 1643 1763 1698 praeerat
1792 1668 1808 1689 ‚

542 1723 591 1773 se
623 1722 743 1772 illuc
772 1719 1032 1770 celerrime
1059 1718 1327 1769 transferre
1358 1757 1371 1778 ,
1403 1732 1455 1769 vt
1481 1719 1623 1769 locus
1650 1718 1811 1769 ferme

542 1814 645 1864 iain
692 1809 981 1878 oppreffus,
1026 1809 1087 1858 ab
1137 1809 1658 1876 ipso.defenderetur.
1702 1804 1812 1875 Qi

561 1904 748 1971 {ipatus
801 1901 1133 1968 quadraginta
1171 1901 1423 1951 militibus
1453 1939 1467 1960 ‚
1503 1903 1553 1953 &
1578 1902 1773 1952 caeteris
1795 1935 1811 1956 ,

540 1997 629 2064 qui
680 1996 853 2045 locum
902 1993 1274 2054 defendebant,
1323 1995 1558 2045 admistus
1590 2033 1603 2054 ‚
1639 1995 1692 2043 in
1718 1993 1813 2042 ho—

545 2090 640 2139 stes
693 2089 927 2138 audad³oer
954 2087 1149 2137 inuolat
1178 2124 1192 2146 ‚
1235 2085 1524 2154 multosque
1566 2083 1813 2151 r'epellen-

539 2180 605 2228 do
640 2218 652 2238 ‚
693 2180 919 2230 feriendo
949 2217 963 2237 ,
1010 2197 1067 2229 ac
1095 2181 1321 2229 necando
1344 2217 1358 2238 ,
1409 2180 1514 2230 ietu
1558 2177 1706 2227 vnius
1733 2193 1814 2226 ar-

481 2324 485 2329 ,
540 2270 717 2319 cubuti
766 2271 1014 2337 percuffus
1046 2308 1059 2328 ,
1114 2272 1278 2320 hibito
1329 2272 1390 2320 ad
1417 2269 1566 2339 pedes
1609 2268 1815 2318 suorum

541 2366 767 2415 concidit
793 2404 805 2423 ,
858 2366 993 2433 quod
1028 2365 1170 2415 ducis
1213 2364 1428 2415 Antonii
1471 2362 1664 2413 auditui
1700 2381 1814 2430 gra-

541 2463 793 2513 uiffimum
824 2461 921 2510 fuit
940 2497 953 2518 ,
982 2473 1203 2510 attamen
1232 2474 1436 2528 repente
1486 2460 1551 2510 ad
1595 2459 1812 2509 eundem

543 2557 718 2605 locum
745 2553 957 2625 snb-sidio
1001 2553 1163 2602 mittit
1199 2551 1591 2602 Emmanuelem
1637 2546 1812 2599 aVas-

546 2645 889 2716 quogoncelos
919 2681 932 2704 ,
978 2662 1127 2713 quem
1157 2641 1367 2712 triginta
1411 2640 1602 2692 milites
1647 2636 1812 2686 comi-

1594 2730 1771 2780 taban-
