1965 3256
570 238 675 295 230
931 234 1214 273 DAMIANI
1257 235 1296 270 A
1341 231 1490 270 GOES

531 363 581 413 &
613 359 897 429 legitimam
939 359 1256 427 AEthiopum
1277 357 1396 409 fidei
1420 396 1435 417 ,
1475 357 1525 408 &
1550 347 1813 428 religionis

532 454 908 506 enarrationem
941 489 955 511 ‚
995 470 1211 519 eamque
1250 450 1336 501 sua
1360 468 1516 501 manu
1561 445 1816 505 describi,

526 545 663 613 quod
684 545 881 595 summa
909 560 1028 592 cum
1061 544 1317 595 alacritate
1344 541 1580 594 conceffit
1600 579 1614 600 ,
1640 541 1812 590 illam-

532 637 811 705 questatim
830 635 1110 686 describere
1129 638 1340 707 incepit,
1359 637 1662 688 sententiam
1676 635 1816 685 sum-

531 747 617 780 ma
638 728 737 779 fide
759 731 813 779 in
837 724 1054 776 latinam
1074 725 1305 796 linguam
1331 724 1494 777 refudi
1521 761 1534 783 ‚
1570 737 1622 774 vt
1648 743 1712 774 ex
1738 724 1816 774 se-

530 820 805 886 quentibus
841 824 1054 890 patebit.
1120 820 1182 871 Id
1222 836 1340 869 vero
1382 815 1693 867 conscientia
1730 833 1816 866 vr-

528 928 678 984 gente
703 932 764 964 ec>
787 916 1043 966 ardentius
1070 910 1317 980 aggressus
1355 908 1464 959 sum
1490 946 1503 968 ,
1548 909 1684 978 quod
1704 927 1811 958 non

528 1009 814 1076 ignorarem
837 1044 849 1063 ,
879 1006 913 1055 fi
936 1007 1043 1056 haec
1071 1005 1204 1071 apud
1232 1020 1314 1051 me
1342 1001 1595 1067 periissent
1622 1039 1635 1060 ,
1664 1022 1691 1052 a
1718 1020 1812 1051 ne-

529 1102 668 1152 mine
696 1098 993 1148 mortalium
1027 1115 1251 1165 vnquam
1281 1098 1333 1146 in
1359 1097 1528 1146 lucem
1576 1097 1813 1164 proditu-

530 1213 584 1245 ra
606 1192 847 1253 fuiffent3
889 1192 1007 1242 inde
1046 1191 1180 1260 quod
1219 1191 1285 1240 {ic
1317 1189 1502 1259 digesta
1526 1229 1539 1249 ‚
1584 1191 1632 1241 &
1669 1208 1815 1241 com-

529 1282 687 1353 posita
705 1284 766 1332 ad
781 1283 998 1352 phrasim
1021 1280 1320 1335 Caldaicarn
1342 1320 1355 1341 ,
1382 1283 1431 1332 ἃ
1451 1281 1813 1351 AEthiopicam

530 1380 703 1436 essent,
734 1391 786 1428 vt
813 1379 899 1429 vix
939 1398 966 1429 a
994 1379 1238 1448 quopiam
1261 1378 1476 1447 intelligi
1504 1380 1773 1447 potuissent
1795 1418 1812 1440 ,

527 1471 620 1522 nisi
647 1490 674 1521 a
697 1490 779 1521 me
799 1509 812 1530 ,
865 1472 951 1540 qui
980 1491 1037 1523 ea
1057 1473 1232 1522 omnia
1262 1485 1366 1522 tam
1384 1489 1445 1522 ex
1473 1491 1560 1523 ore
1588 1512 1601 1533 ,
1653 1491 1812 1542 quam

527 1583 589 1615 ex
636 1565 834 1634 scriptis
879 1565 1031 1633 ipsius
1071 1565 1362 1634 AEthiopici
1398 1565 1636 1617 Oratoris
1658 1604 1671 1624 ,
1719 1584 1808 1632 per

525 1658 745 1708 multam
793 1657 1198 1711 familiaritatem
1232 1658 1471 1729 consequi
1511 1657 1612 1708 iam
1658 1669 1806 1725 pote-

532 1771 661 1806 Iam·
