1931 3239
316 244 657 292 OLISIPOle
705 241 1079 279 DESCRIPTIO
1294 246 1363 303 43

108 358 287 413 'tumsti
311 359 494 407 'exeant
518 389 531 410 ,
563 351 804 402 omnibus
848 348 987 399 vrbis
1036 345 1246 412 templis
1275 384 1288 404 ,
1336 350 1391 399 in

111 453 295 520 quibus
322 445 510 496 musica
535 444 796 495 modulata
824 440 1024 490 canitur
1045 477 1058 497 ,
1087 456 1149 488 ex
1175 455 1236 488 eo
1264 439 1395 489 nihil

112 538 407 590 detrimenti
450 538 512 587 ad
561 535 672 586 suas
712 530 1036 584 celebrandas
1103 529 1398 581 festivitates

112 631 453 701 capientibus-³
521 627 797 679 Societates
848 642 968 674 vero
1013 660 1028 681 ‚
1083 638 1209 691 quas
1267 641 1399 673 con-

113 724 455 778 fraternitates
484 734 668 773 vocant
687 752 702 781 «,
730 734 942 771 centum
969 717 1016 766 δε
1042 715 1258 783 triginta
1289 735 1400 767 vnae

120 818 238 870 sunt
268 856 282 878 ‚
334 819 388 869 in
416 836 630 886 quarum
672 815 817 867 Vsum
845 815 1025 881 ingens
1069 829 1098 861 a
1147 809 1404 859 sodalibus

117 910 392 976 quotannis
419 908 669 959 conflatur
718 907 934 976 pecunia
959 939 971 962 ‚
1006 921 1119 970 quae
1176 902 1234 951 in
1275 920 1403 972 pau-

123 1017 265 1068 peres
294 1039 309 1061 ,
342 1001 533 1052 &alios
557 999 671 1050 vsus
697 998 992 1050 necessarios
1020 996 1134 1046 sum
1150 1013 1238 1046 mo
1267 994 1406 1045 ordi-

127 1109 193 1140 ne
243 1092 511 1159 elargitur.

204 1183 398 1251 QVOD
439 1185 502 1233 ad
526 1183 627 1232 loci
653 1221 666 1241 ‚
690 1182 907 1250 situsque
935 1182 1293 1232 salubritatem
1322 1218 1334 1238 ,
1362 1181 1411 1231 δί

115 1276 258 1327 -aeris
295 1285 759 1342 temperamentum
802 1274 984 1324 attinet
1014 1312 1026 1332 ,
1081 1288 1226 1324 tanta
1257 1287 1410 1323 certe

133 1367 224 1425 soli
249 1403 263 1424 ,
293 1368 502 1433 caelique
530 1366 822 1424 clementia,
851 1368 899 1418 δε
927 1368 1202 1417 amoenitas
1233 1365 1301 1416 est
1326 1404 1338 1424 ,
1362 1378 1415 1416 vt

133 1460 276 1510 nullo
303 1463 408 1510 tere
431 1477 654 1529 vnquam
679 1460 799 1510 anni
825 1475 1055 1528 tempore
1072 1490 1085 1517 ·,
1109 1477 1208 1509 nec
1236 1457 1374 1507 aestas
1394 1493 1409 1514 ,

131 1568 225 1600 nec
248 1552 425 1619 hyems
443 1550 777 1601 immoderata
800 1547 1039 1600 sentiatur
1057 1569 1070 1611 ς
1088 1567 1189 1618 quo
1214 1549 1413 1600 facium

133 1643 203 1694 est
225 1682 239 1704 ,
291 1657 343 1694 vt
363 1645 515 1694 multi
561 1645 802 1694 mortales
846 1663 909 1694 ex
937 1644 1140 1694 divertis
1187 1643 1420 1693 nationi-

134 1738 228 1787 bus
257 1773 271 1794 ,
299 1734 542 1803 terrisque
589 1736 933 1786 remotiffimis
973 1773 986 1796 ‚
1024 1737 1136 1786 caeli
1187 1735 1416 1803 puritate

137 1824 341 1892 pellecti
371 1862 384 1882 ‚
433 1826 554 1878 illuc
608 1828 1002 1896 commigrarint
1027 1865 1041 1885 ,
1072 1826 1421 1892 dereh&oque

142 1917 248 1967 soli>
266 1916 420 1964 natali
443 1917 492 1965 &
518 1920 691 1982 patriae
713 1936 834 1968 cura
859 1918 1143 1985 posthabita
1177 1955 1191 1975 ‚
1241 1934 1425 1984 perpe-

141 2015 285 2052 tuam
312 2003 383 2053 ibi
419 2003 586 2053 sedem
614 2041 629 2063 ,
668 2007 887 2073 vitaeque
941 2005 1277 2056 domicilium
1328 2026 1425 2076 po-

146 2094 356 2146 suerint.
418 2093 574 2146 Vrbis
620 2116 737 2148 vero
803 2101 1121 2150 territorium
1181 2100 1427 2150 suburba-

144 2185 228 2236 nis
259 2223 271 2243 ,
329 2184 621 2254 rusticisque
646 2188 781 2239 villis
806 2228 821 2250 ,
871 2191 1198 2260 aedificiisque
1224 2193 1432 2262 magni-2

134 2280 260 2331 *ficis
287 2318 300 2338 ,
348 2299 676 2350 quocumque
696 2284 874 2336 oculos
924 2289 1137 2339 verteris
1166 2327 1180 2348 ‚
1215 2302 1432 2359 propter

149 2370 258 2437 agri
285 2368 673 2423 foecunditatem
700 2375 922 2445 vndique
945 2377 1189 2430 refertum
1218 2380 1388 2430 videas
1416 2399 1431 2443 3

153 2473 294 2511 tanta
316 2463 472 2513 etiam
502 2453 776 2518 hominum
802 2467 1092 2538 frequentia
1120 2510 1134 2532 ,
1158 2473 1229 2522 vti
1254 2471 1434 2524 secun-

150 2551 231 2600 dis
275 2554 380 2605 iam
433 2558 631 2626 pridem
665 2561 814 2611 rebus
841 2598 856 2619 ,
915 2576 1258 2633 perpetuaque
1310 2582 1435 2632 pace

135 2657 279 2698 scum
304 2645 539 2701 finitimis
564 2662 731 2720 parta,
760 2652 1055 2724 complures
1079 2654 1190 2722 jam
1212 2653 1316 2704 ruri
1343 2668 1437 2716 po-

721 2740 768 2794 E
1276 2743 1404 2800 tiuS,
