1931 3239
368 251 707 292 omsn’oms
755 251 1126 290 DESCRIPTIO
1351 258 1420 315 17

151 356 782 426 Constantinopolitanum
821 357 915 408 effe
945 358 1107 408 aiunt.
1157 356 1301 409 Galli
1329 379 1422 412 au-

152 470 257 507 tem
295 469 359 502 ex
411 449 752 520 Lotharingia
805 451 1119 519 promanasse
1167 452 1383 503 afferunt
1403 490 1421 512 ,

153 543 305 598 nostri
351 558 469 593 vero
497 559 562 592 ex
588 539 858 612 Hungaria
884 542 1098 612 originis
1125 541 1307 595 seriem
1335 545 1426 594 de-

149 637 361 689 ducunt.
394 637 637 686 Attamen
665 636 806 686 nulla
829 652 967 688 certa
992 637 1192 689 ratione
1219 656 1424 699 omnes,

156 731 210 783 id
237 732 373 800 quod
400 731 579 782 dicunt
612 768 626 790 ,
652 730 1015 792 demonstrant,
1042 751 1140 802 qua
1165 751 1259 784 nos
1286 736 1432 804 quic-

155 842 310 897 quam
335 823 570 875 auda&er
594 823 898 876 confirmare
927 824 1189 893 possimus·

300 911 611 964 CETERVM
656 916 723 965 ob
747 914 977 984 ingentia
1003 916 1212 972 istorum
1239 919 1435 986 princi-

165 988 294 1080 pum
339 1003 520 1054 merita
555 1040 570 1062 ‚
626 1001 874 1054 Alfonsus
938 1003 1052 1055 Rex
1127 1003 1438 1073 Raymundo

163 1095 414 1150 Orracarn
438 1135 453 1156 ,
494 1093 727 1146 Henrico
777 1113 897 1146 vero
937 1093 1241 1147 Therafiam
1266 1135 1278 1154 ,
1307 1098 1438 1151 filias

165 1192 222 1244 in
244 1187 632 1241 matrimonium
654 1186 1027 1237 collocauit.Et
1052 1189 1262 1255 quidem
1290 1187 1441 1239 Hen-

169 1286 275 1343 rico
298 1322 311 1343 ,
356 1283 405 1334 δε
449 1279 708 1332 Therafiae
747 1280 1074 1349 Portugalliae
1127 1282 1441 1336 comitatum

170 1380 226 1431 in
271 1379 445 1428 dotem
486 1375 623 1425 dedit
654 1411 669 1433 ,
714 1374 859 1424 cuius
894 1375 1173 1443 prouinciae
1221 1394 1281 1426 eo
1325 1376 1442 1429 sane

171 1483 404 1538 tempore
469 1465 721 1535 praeeipua
766 1483 879 1534 pars
914 1483 942 1514 a
984 1464 1187 1516 R‘Iauris
1222 1483 1445 1536 occupa-

175 1561 343 1612 batur.
414 1557 494 1608 Ex
534 1556 781 1608 Therasia
838 1553 1098 1606 Henricus
1170 1557 1450 1611 Alfonsum

179 1639 421 1723 suscepit.
469 1652 521 1704 Is
561 1650 807 1702 Alfonsus
834 1650 939 1721 post
980 1651 1142 1702 multa
1173 1690 1187 1710 ,
1228 1654 1275 1705 δε
1320 1671 1453 1721 psae-

179 1752 314 1803 clara
359 1750 588 1801 facinora
650 1764 743 1816 pro
791 1743 980 1796 Christi
1020 1745 1117 1796 fide
1155 1746 1267 1798 aesta
1294 1784 1308 1805 ,
1332 1763 1454 1796 cum

181 1825 406 1907 quinque
457 1834 812 1903 potentiffimis
865 1832 1098 1901 Regibus
1152 1833 1357 1884 Mauris
1405 1834 1459 1883 in

191 1925 391 1992 campis
442 1923 793 1974 Oriciensibus
832 1924 966 1990 apud
1004 1922 1240 1974 Castrum
1280 1923 1463 1972 Viride

193 2012 524 2067 conflifflmrus
548 2050 562 2071 ,
607 2031 734 2082 quos
762 2014 914 2064 vnico
959 2014 1136 2085 praelio
1177 2014 1367 2066 deuicit
1390 2052 1404 2072 ,
1432 2032 1461 2065 a

191 2104 292 2160 suis
318 2108 568 2159 militibus
596 2146 611 2168 ,
664 2108 717 2158 in
746 2107 860 2178 ipfis
887 2108 1057 2158 castris
1088 2145 1103 2168 ,
1147 2108 1298 2158 vnico
1326 2121 1460 2156 tem·

193 2202 332 2273 poris
361 2215 626 2253 momento
651 2240 666 2262 ,
693 2202 807 2253 Rex
833 2201 1053 2260 eleetus,
1106 2215 1302 2253 creatus
1335 2240 1349 2261 ‚
1378 2202 1460 2251 iu-

196 2314 436 2368 ratusque
463 2299 561 2350 fuit
584 2338 597 2359 ,
625 2302 675 2351 &
701 2299 909 2368 quidem
933 2298 1187 2350 relufians
1211 2336 1226 2358 ,
1255 2298 1306 2351 id
1333 2315 1460 2347 con-

198 2391 471 2441 tumaciter
515 2390 712 2443 cunfiis
740 2389 1064 2440 afferentibus
1082 2428 1096 2449 ,
1149 2408 1254 2441 non
1281 2390 1460 2439 decere

198 2480 426 2537 strenuos
450 2486 640 2537 milites
667 2523 682 2544 ,
708 2499 815 2537 tam
842 2483 1065 2538 arduum
1092 2526 1106 2546 ‚
1128 2502 1309 2540 contra
1333 2508 1463 2558 prae-

199 2581 364 2632 claros
389 2598 532 2651 reges
555 2580 789 2652 praeiium
817 2580 949 2631 inire
987 2618 1000 2639 ‚
1053 2581 1144 2632 nifi
1173 2582 1261 2633 sub
1285 2599 1463 2652 regum

204 2677 415 2728 vexillo,
465 2677 746 2729 Affirmant
772 2675 926 2728 nostri
955 2674 1234 2750 Scriptores
1256 2718 1270 2739 ‚
1300 2678 1469 2746 ipsum

1330 2770 1424 2821 Al-
