1931 3239
399 198 743 264 ‘omsmms
796 204 1164 263 msc-mmm
1364 196 1431 286 27

153 333 333 388 Eiram.
382 330 546 383 Cuius
574 325 820 382 finistram
841 342 1036 400 partem
1069 369 1084 391 ,
1109 347 1223 401 quae
1248 330 1310 379 ad
1339 329 1427 381 Se-

150 416 494 497 ptentrionem
519 421 703 492 vergit,
730 422 817 473 vbi
848 422 1019 491 campi
1050 422 1205 475 Diuae
1236 420 1428 472 Barba-

149 528 215 567 r'ae
239 513 529 582 incipiunt,
566 510 891 579 Angelorum
935 510 1175 563 sacellum
1215 511 1420 563 diuidit.

148 603 308 672 Supra
333 603 498 654 valem
528 600 658 651 hanc
696 597 974 653 Orientem
1009 602 1182 653 versus
1214 639 1229 661 ‚
1272 621 1423 656 mons

146 697 370 752 excelsus
402 695 642 749 imminet
667 694 808 746 recio
834 734 849 756 ,
888 695 1191 764 difficilique
1238 697 1417 751 ascen-

146 791 201 843 su
223 829 238 851 ‚
281 810 310 842 a
336 809 438 858 quo
474 788 653 840 fanum
683 786 836 839 Diuae
879 786 1068 839 Mariae
1108 787 1420 853 Montanae3

148 883 284 954 quod
305 882 358 932 in
388 881 593 932 summo
643 880 837 931 montis
879 880 1107 932 culmine
1135 880 1284 932 situm
1315 884 1382 934 est
1412 896 1428 947 ,'

148 994 340 1028 nomen
388 975 606 1044 accepit.
650 973 735 1026 Ab
786 973 887 1026 hoc
931 992 1172 1046 praeterea
1222 982 1430 1033 modico

148 1069 283 1121 flexu
315 1105 330 1128 ,
357 1081 614 1136 vtcunque
661 1068 856 1118 (Ιίῑεὲὶο
890 1069 1073 1123 itinere
1095 1110 1111 1131 ,
1163 1065 1226 1121 ad
1250 1071 1427 1121 vrbem

151 1161 340 1211 reditur
369 1195 382 1216 ,
425 1157 695 1226 statimque
741 1161 959 1211 obuium
987 1161 1043 1212 fit
1066 1161 1322 1230 templum
1342 1178 1431 1209 ve-

155 1250 474 1307 tustiffimum
502 1249 971 1317 Augustinienfium
999 1251 1389 1304 Monachorum
1411 1263 1427 1313 ‚'

161 1343 319 1395 Diuae
343 1342 546 1414 Virgini
571 1342 874 1395 Gratiarum
902 1344 1097 1396 sacrum
1117 1383 1133 1405 ‚
1176 1348 1423 1400 introrsus
1464 1376 1475 1379 ’ν

152 1434 316 1485 eidem
348 1435 484 1486 vrbis
529 1452 676 1484 muro
721 1435 999 1487 adhaerens.
1038 1435 1244 1486 Exinde
1280 1455 1431 1504 porro

155 1529 427 1598 praeteritis
454 1529 693 1580 ditiffimo
717 1528 977 1581 Caenobio
1013 1530 1294 1581 Vincentio
1326 1529 1431 1581 Le÷

153 1620 270 1671 uitae
290 1658 303 1679 ,
341 1621 391 1671 &
415 1621 627 1691 martyri
653 1621 822 1673 dicato
847 1659 862 1682 ,
899 1620 1289 1674 Canonicorum
1333 1621 1408 1674 D.

152 1713 424 1782 Augustini
468 1753 482 1774 ‚
533 1723 683 1784 atque
734 1716 1019 1788 Gymnafio
1062 1735 1167 1767 non
1210 1717 1282 1768 ita
1323 1717 1431 1786 pri-

152 1802 267 1852 dem
302 1804 533 1864 celebri,
582 1820 858 1876 antequam
908 1809 1024 1860 Rex
1075 1808 1300 1859 Ioannes
1328 1820 1431 1858 ter-

153 1893 254 1943 tius
288 1893 414 1942 illud
440 1893 839 1966 Conimbricam
876 1898 1204 1949 transtulisset
1228 1935 1242 1954 ,
1270 1898 1331 1946 ad
1362 1898 1431 1947 ri-²

153 2003 275 2056 pam
300 1985 440 2056 Tagi
459 1990 739 2040 decurritur
758 2029 771 2050 ‚
801 2011 913 2060 quae
950 1992 1251 2060 aquilonare
1294 1993 1433 2042 vrbis

156 2094 314 2129 cornu
345 2082 406 2130 ab
435 2098 491 2130 ea
513 2094 650 2148 parte
673 2082 845 2134 efficit.
875 2083 993 2152 Qia
1017 2096 1157 2153 parte
1180 2083 1424 2152 ampliffi-
1450 2102 1453 2105 ·

154 2188 320 2230 mum,
335 2172 797 2242 nobiliffimumque
816 2173 1096 2225 Vestalium
1120 2173 1277 2225 Diuae
1299 2172 1428 2225 Cla-

154 2279 223 2312 rae
251 2260 562 2315 Caenobium
605 2264 666 2314 ad
691 2263 924 2314 fluminis
961 2265 1281 2334 crepidinem
1330 2264 1430 2315 fer}

155 2369 239 2401 me
263 2354 497 2423 attingit:
549 2355 765 2425 indeque
790 2356 967 2408 auerso
993 2358 1178 2409 itinere
1199 2396 1210 2416 ,
1254 2358 1429 2409 Sacel-

155 2444 308 2512 quue
338 2445 489 2499 Diuae
508 2447 738 2518 Virginis
767 2448 1091 2501 Paradifiacae
1121 2450 1395 2500 interiefio
1415 2486 1427 2507 ‚

153 2537 218 2587 ad
248 2539 465 2606 primam
491 2542 626 2593 vrbis
663 2554 863 2610 portam
883 2580 895 2601 ‚
931 2561 1042 2613 quae
1066 2540 1251 2592 Crucis
1279 2541 1412 2591 dici-

155 2643 271 2694 tur,
314 2635 408 2687 iter
446 2635 530 2688 est.
574 2634 656 2687 Ab
702 2635 795 2687 illo
845 2648 1018 2688 autem
1062 2634 1230 2689 Clarae
1277 2647 1409 2683 tem-

713 2728 768 2784 D
1255 2725 1361 2794 ,1³10
