1931 3239
204 236 377 276 FIDES
402 233 652 274 RELIGIO
677 232 953 282 MORESQ
975 234 1274 275 AETHIOP.
1324 242 1420 295 195

130 373 172 401 ,,
204 343 320 394 dere
345 339 597 393 voluerint
625 375 640 396 ,
687 337 924 388 laborum
974 337 1181 389 suorum
1215 340 1286 389 eis
1312 359 1424 391 am-

131 475 169 498 „
196 437 336 506 plam
361 434 653 485 mercedem
681 431 899 483 soluam.
934 431 1160 502 Iuroque
1191 451 1279 501 per
1306 433 1418 484 De·-

128 566 167 589 „
196 545 282 578 um
310 525 486 578 Iesum
531 524 794 577 Christum
850 525 953 577 Dei
993 526 1161 577 filium
1180 563 1195 586 ,
1221 543 1304 575 me
1330 544 1419 577 eos

125 658 165 682 „
192 620 349 672 libere
382 660 397 681 ‚
423 637 546 671 cum
611 621 869 673 voluerint
898 660 913 682 ,
950 620 1042 671 effe
1067 622 1420 690 pemiffurum.

118 749 159 773 „
189 710 310 764 Hoc
359 724 538 763 autem
591 728 712 783 peto
762 713 1082 765 fidentiffime
1106 751 1118 772 ,
1165 713 1417 783 quoniam

124 845 166 868 ‚,
193 807 324 861 mihi
346 807 503 861 vestra
540 808 702 860 virtus
756 807 982 879 spectata
1017 806 1083 857 est
1113 844 1128 864 ‚
1182 807 1231 857 δε
1258 805 1412 857 boni-

125 937 162 961 „
191 914 267 952 tas
293 902 522 952 maxime
547 902 721 972 agnita
739 940 754 962 ,
798 902 848 952 &
874 901 977 952 scio
1028 917 1112 950 me
1138 900 1297 950 amari
1326 902 1419 951 ab·

128 1029 166 1053 ,‚
193 993 262 1044 ste
280 993 564 1062 plurimum
584 1033 598 1054 ,
626 997 675 1046 &
695 996 794 1045 hoc
820 994 1007 1063 agnoui
1034 993 1245 1052 certius,
1274 993 1421 1061 quod

126 1122 165 1145 „
194 1081 509 1134 Matthaeum
535 1084 637 1134 mei
681 1086 843 1154 gratia
882 1084 1165 1134 honorifice
1208 1085 1256 1134 &
1283 1083 1417 1133 libe-

125 1211 164 1237 „
193 1177 363 1228 raliter
387 1176 702 1247 susceperitis
735 1216 747 1236 ,
775 1179 824 1228 δε
852 1176 1168 1227 remiseritis.
1203 1175 1269 1226 Et
1300 1176 1413 1227 ideo

126 1307 163 1330 „
191 1269 420 1320 adniteor
462 1286 519 1318 ea
569 1268 844 1336 impetrare
875 1305 888 1325 ,
943 1285 1108 1334 neque
1134 1267 1232 1315 hoc
1263 1265 1409 1317 vobis

126 1401 163 1424 „
187 1362 437 1431 pudorem
459 1360 632 1411 afferat
657 1398 670 1419 ‚
698 1379 816 1410 nam
847 1359 1023 1409 omnia
1070 1358 1365 1427 persoluam
1391 1397 1406 1418 ,

127 1492 164 1515 ‚‚
191 1466 241 1504 et
271 1454 323 1504 id
374 1454 510 1522 quod
575 1451 710 1502 filius
753 1452 880 1522 petit
931 1471 959 1501 a
999 1466 1142 1520 patre
1175 1488 1187 1508 ,
1238 1446 1415 1518 negari

126 1584 163 1609 „
194 1565 297 1597 non
323 1547 472 1597 debet
499 1584 510 1606 ,
537 1548 587 1597 δε
614 1560 668 1596 tu
696 1564 748 1596 es
776 1559 916 1614 pater
935 1564 1088 1596 -meus
1114 1584 1126 1604 ‚
1160 1548 1209 1596 &
1236 1564 1332 1614 ego
1355 1545 1416 1595 fi-

125 1675 165 1700 „
190 1639 289 1689 lius
331 1652 446 1689 tuus
471 1677 485 1697 ,
528 1640 578 1689 &
614 1638 766 1689 simus
809 1639 1079 1689 coniuncti
1110 1639 1257 1688 simul
1289 1675 1302 1694 ,
1354 1638 1415 1688 fi-

125 1767 162 1791 „
191 1743 277 1781 cut
317 1732 589 1784 laterculus
609 1750 728 1782 cum
756 1732 1002 1784 laterculo
1031 1732 1083 1780 in
1108 1731 1298 1801 pariete
1324 1749 1416 1782 co-

126 1864 165 1887 „
192 1825 396 1893 pulatur
422 1863 435 1883 ,
479 1826 551 1876 ita
577 1827 677 1877 duo
706 1827 759 1876 in
786 1845 885 1876 vno
914 1826 1066 1875 corde
1103 1864 1115 1885 ,
1169 1828 1219 1876 a&
1249 1844 1422 1876 amore

128 1961 169 1984 ‚,
198 1918 312 1970 Iesu
364 1916 555 1970 Christi
613 1922 999 1980 consentimus,
1038 1922 1124 1989 qui
1174 1921 1241 1970 est
1268 1935 1422 1989 caput

128 2050 166 2073 ‚‚
196 2013 374 2062 mundi
402 2051 414 2071 ,
444 2014 492 2064 &
518 2015 606 2082 qui
635 2033 756 2065 cum
782 2034 842 2066 eo
871 2015 984 2065 sunt
1014 2053 1028 2073 ,
1090 2014 1422 2066 assimilantur

128 2141 166 2167 ,‚
194 2107 450 2160 laterculis
491 2109 543 2160 in
565 2127 712 2163 muro
739 2109 1053 2162 coniuntsti5‚
1086 2108 1278 2161 Amen.

1226 2745 1383 2796 Litte-
