1965 3256
599 234 696 307 198
915 248 1199 286 DAMIANI
1250 249 1290 286 A
1321 248 1468 287 Gosss

558 395 596 418 „
619 356 862 407 tissimum
886 355 1088 407 luctum
1114 355 1329 406 fece-rint
1351 393 1366 416 ,
1409 357 1483 408 ita
1513 364 1567 406 vt
1591 353 1824 426 voluptas

554 488 593 512 „
620 449 777 520 primi
814 449 990 500 nuncii
1055 466 1177 501 cum
1206 447 1406 500 tristitia
1429 449 1578 500 huius
1621 450 1826 503 nouiffi-

557 576 596 600 ,‚
624 541 697 591 mi
735 551 1103 609 exaequaretur.
1829 606 1832 608 q

664 671 696 693 ,‚
740 634 999 685 D0M1NE
1029 652 1057 683 a
1090 633 1348 703 principio
1375 651 1650 703 regnorum
1678 655 1825 690 meo..

568 767 605 788 „
634 747 748 780 rum
800 730 1044 780 hactenus
1093 730 1234 781 nulla
1284 731 1473 800 legatio
1494 768 1508 790 ,
1554 731 1824 798 nullusque

560 861 596 883 ‚‚
625 825 843 876 nuncius
874 863 888 884 ,
930 825 1009 876 vel
1061 843 1089 875 a
1110 825 1252 894 Rege
1277 863 1292 885 ,
1319 825 1398 876 vel
1438 844 1466 876 a
1492 843 1650 894 regno
1695 823 1823 875 Por-

557 955 594 978 ,‚
620 920 844 986 tugaliiae
890 920 951 970 ad
994 937 1079 969 me
1104 920 1335 988 peruenit
1363 958 1378 980 ,
1409 919 1499 970 nisi
1527 920 1651 969 dum
1677 918 1821 968 viue-

560 1050 598 1072 ,‚
627 1024 701 1061 ret
739 1011 854 1061 Rex
887 1049 899 1070 ,
949 1026 1065 1061 tuus
1088 1025 1230 1080 pater
1259 1048 1272 1070 ,
1326 1012 1413 1079 qui
1440 1012 1593 1061 duces
1623 1010 1736 1061 suos
1762 1012 1825 1061 ad

562 1144 597 1165 ‚‚
627 1122 710 1153 me
741 1102 904 1160 misit,
958 1104 1006 1152 ἃ
1034 1120 1266 1169 proceres
1308 1119 1429 1151 cum
1470 1100 1690 1151 Clericis
1714 1139 1729 1160 ,
1776 1103 1826 1152 &

556 1234 592 1256 „
625 1193 878 1245 Diaconis
910 1230 922 1252 ,
972 1193 1059 1261 qui
1107 1206 1271 1243 totum
1319 1192 1629 1244 solemnium
1654 1193 1826 1244 miffa-

548 1329 584 1351 ‚,
615 1307 730 1340 rum
780 1300 1079 1357 apparatum
1129 1287 1428 1339 attulerunt.
1473 1287 1540 1339 Et
1561 1301 1827 1358 propterea

549 1421 585 1444 ,‚
614 1382 840 1434 maxime
868 1380 977 1431 sum
1029 1382 1225 1435 laetatus
1259 1419 1273 1441 ‚
1313 1384 1362 1432 &
1405 1400 1492 1433 eos
1542 1381 1825 1432 honorifice

549 1519 584 1540 „
616 1477 806 1548 suscepi
825 1515 838 1536 ,
870 1479 920 1528 &
946 1496 1052 1528 non
1077 1478 1243 1528 multo
1278 1477 1385 1547 post
1404 1496 1491 1529 eos
1533 1475 1701 1527 dimisi
1726 1513 1739 1534 ,
1766 1487 1820 1525 vt

548 1617 583 1638 ‚,
617 1587 984 1626 reuerterentur
1010 1593 1129 1625 cum
1156 1575 1350 1626 honore
1378 1576 1429 1626 &
1451 1591 1597 1643 pace,
1623 1576 1672 1626 &
1696 1573 1831 1644 post-

545 1707 582 1728 „
611 1685 765 1736 quam
794 1679 1134 1734 peruenerunt
1179 1668 1239 1717 ad
1280 1683 1488 1734 portum
1516 1670 1669 1719 maris
1688 1707 1702 1728 ‚
1731 1670 1822 1736 qui

546 1791 581 1813 „
610 1757 677 1807 est
703 1759 757 1809 in
781 1759 965 1809 finibus
990 1758 1118 1808 meis
1145 1796 1158 1817 ‚
1201 1760 1254 1809 in
1296 1759 1424 1809 mari
1467 1760 1646 1813 Rubro
1676 1799 1690 1820 ,
1719 1780 1823 1813 non

545 1888 581 1910 „
610 1852 848 1904 inuenere
871 1873 1117 1923 magnum
1137 1854 1447 1906 Praefectum
1473 1856 1824 1925 classis,quern

545 1983 579 2005 ‚,
609 1958 749 2015 pater
779 1960 893 1997 tuus
923 1946 1158 2004 miserat,
1197 1948 1241 1996 is
1268 1950 1540 1998 enim-non
1579 1950 1822 2018 expecta-

544 2077 578 2098 „
607 2040 683 2090 uit
714 2077 726 2099 ,
754 2041 804 2091 &
826 2043 886 2091 de
911 2041 1008 2091 hoc
1035 2060 1116 2091 me
1144 2040 1330 2091 fecerat
1357 2042 1627 2092 certiorem
1647 2079 1664 2101 ,
1690 2061 1823 2111 quo-

547 2167 584 2187 „
611 2131 751 2181 niam
790 2151 896 2182 non
941 2145 1139 2201 poterat
1189 2131 1458 2203 expectare
1483 2170 1497 2191 ,
1536 2149 1655 2182 cum
1706 2133 1823 2183 esset

546 2258 582 2279 „
612 2225 772 2273 moris
789 2225 931 2276 vestri
952 2263 964 2284 ,
993 2226 1053 2276 de
1071 2225 1296 2276 triennio
1321 2225 1374 2274 in
1397 2224 1678 2274 triennium
1707 2243 1820 2276 ma-

549 2351 584 2372 ‚‚
615 2334 773 2383 gnum
804 2319 958 2370 claffis
999 2320 1309 2372 Praefectum
1365 2339 1552 2375 creare.
1599 2320 1820 2373 Interim

546 2452 583 2474 ,‚
608 2413 737 2462 alius
759 2417 961 2466 nouiter
990 2432 1189 2468 creatus
1217 2417 1424 2469 aduenit
1452 2457 1466 2478 ‚
1496 2437 1595 2487 qua
1612 2418 1673 2468 de
1699 2435 1820 2468 cau-

547 2543 583 2564 „
613 2503 659 2554 sa
699 2504 1017 2573 longiorem,
1059 2526 1214 2573 quam
1254 2526 1380 2574 opus
1425 2507 1540 2557 effet
1570 2543 1586 2565 ,
1621 2519 1819 2555 moram

548 2637 584 2658 ,‚
613 2598 766 2667 legati
828 2609 1211 2646 contraxerunt.
1254 2598 1416 2647 Nunc
1479 2614 1598 2646 vero
1666 2592 1816 2644 mitto

550 2725 585 2749 „
615 2687 850 2740 {fraudata
881 2704 992 2737 mea
1018 2703 1106 2754 per
1129 2686 1342 2744 fratrem
1393 2682 1818 2753 christophorum

1623 2773 1783 2829 Lica-
